@ARTICLE{akeson2013,
   author = {{Akeson}, R.~L. and {Chen}, X. and {Ciardi}, D. and {Crane}, M. and 
	{Good}, J. and {Harbut}, M. and {Jackson}, E. and {Kane}, S.~R. and 
	{Laity}, A.~C. and {Leifer}, S. and {Lynn}, M. and {McElroy}, D.~L. and 
	{Papin}, M. and {Plavchan}, P. and {Ram{\'{\i}}rez}, S.~V. and 
	{Rey}, R. and {von Braun}, K. and {Wittman}, M. and {Abajian}, M. and 
	{Ali}, B. and {Beichman}, C. and {Beekley}, A. and {Berriman}, G.~B. and 
	{Berukoff}, S. and {Bryden}, G. and {Chan}, B. and {Groom}, S. and 
	{Lau}, C. and {Payne}, A.~N. and {Regelson}, M. and {Saucedo}, M. and 
	{Schmitz}, M. and {Stauffer}, J. and {Wyatt}, P. and {Zhang}, A.
	},
    title = "{The NASA Exoplanet Archive: Data and Tools for Exoplanet Research}",
  journal = {\pasp},
archivePrefix = "arXiv",
   eprint = {1307.2944},
 primaryClass = "astro-ph.IM",
 keywords = {Astronomical Instrumentation},
     year = 2013,
    month = aug,
   volume = 125,
    pages = {989-999},
      doi = {10.1086/672273},
   adsurl = {http://adsabs.harvard.edu/abs/2013PASP..125..989A},
  adsnote = {Provided by the SAO/NASA Astrophysics Data System}
}

@INPROCEEDINGS{artigau2014,
   author = {{Artigau}, {\'E}. and {Astudillo-Defru}, N. and {Delfosse}, X. and 
	{Bouchy}, F. and {Bonfils}, X. and {Lovis}, C. and {Pepe}, F. and 
	{Moutou}, C. and {Donati}, J.-F. and {Doyon}, R. and {Malo}, L.
	},
    title = "{Telluric-line subtraction in high-accuracy velocimetry: a PCA-based approach}",
booktitle = {Society of Photo-Optical Instrumentation Engineers (SPIE) Conference Series},
     year = 2014,
   series = {Society of Photo-Optical Instrumentation Engineers (SPIE) Conference Series},
   volume = 9149,
archivePrefix = "arXiv",
   eprint = {1406.6927},
 primaryClass = "astro-ph.IM",
    month = jul,
      eid = {914905},
    pages = {5},
      doi = {10.1117/12.2056385},
   adsurl = {http://adsabs.harvard.edu/abs/2014SPIE.9149E..05A},
  adsnote = {Provided by the SAO/NASA Astrophysics Data System}
}

@ARTICLE{baluev2009,
   author = {{Baluev}, R.~V.},
    title = "{Accounting for velocity jitter in planet search surveys}",
  journal = {\mnras},
archivePrefix = "arXiv",
   eprint = {0712.3862},
 keywords = {methods: data analysis , methods: statistical , techniques: radial velocities , surveys , stars: individual: HD 74156 , stars: planetary systems},
     year = 2009,
    month = mar,
   volume = 393,
    pages = {969-978},
      doi = {10.1111/j.1365-2966.2008.14217.x},
   adsurl = {http://adsabs.harvard.edu/abs/2009MNRAS.393..969B},
  adsnote = {Provided by the SAO/NASA Astrophysics Data System}
}

@ARTICLE{batalha2011,
   author = {{Batalha}, N.~M. and {Borucki}, W.~J. and {Bryson}, S.~T. and 
	{Buchhave}, L.~A. and {Caldwell}, D.~A. and {Christensen-Dalsgaard}, J. and 
	{Ciardi}, D. and {Dunham}, E.~W. and {Fressin}, F. and {Gautier}, III, T.~N. and 
	{Gilliland}, R.~L. and {Haas}, M.~R. and {Howell}, S.~B. and 
	{Jenkins}, J.~M. and {Kjeldsen}, H. and {Koch}, D.~G. and {Latham}, D.~W. and 
	{Lissauer}, J.~J. and {Marcy}, G.~W. and {Rowe}, J.~F. and {Sasselov}, D.~D. and 
	{Seager}, S. and {Steffen}, J.~H. and {Torres}, G. and {Basri}, G.~S. and 
	{Brown}, T.~M. and {Charbonneau}, D. and {Christiansen}, J. and 
	{Clarke}, B. and {Cochran}, W.~D. and {Dupree}, A. and {Fabrycky}, D.~C. and 
	{Fischer}, D. and {Ford}, E.~B. and {Fortney}, J. and {Girouard}, F.~R. and 
	{Holman}, M.~J. and {Johnson}, J. and {Isaacson}, H. and {Klaus}, T.~C. and 
	{Machalek}, P. and {Moorehead}, A.~V. and {Morehead}, R.~C. and 
	{Ragozzine}, D. and {Tenenbaum}, P. and {Twicken}, J. and {Quinn}, S. and 
	{VanCleve}, J. and {Walkowicz}, L.~M. and {Welsh}, W.~F. and 
	{Devore}, E. and {Gould}, A.},
    title = "{Kepler's First Rocky Planet: Kepler-10b}",
  journal = {\apj},
archivePrefix = "arXiv",
   eprint = {1102.0605},
 primaryClass = "astro-ph.EP",
 keywords = {planetary systems, stars: individual: Kepler-10 KIC 11904151 2MASS 19024305+5014286, techniques: photometric, techniques: spectroscopic},
     year = 2011,
    month = mar,
   volume = 729,
      eid = {27},
    pages = {27},
      doi = {10.1088/0004-637X/729/1/27},
   adsurl = {http://adsabs.harvard.edu/abs/2011ApJ...729...27B},
  adsnote = {Provided by the SAO/NASA Astrophysics Data System}
}


@ARTICLE{butler1999,
   author = {{Butler}, R.~P. and {Marcy}, G.~W. and {Fischer}, D.~A. and 
	{Brown}, T.~M. and {Contos}, A.~R. and {Korzennik}, S.~G. and 
	{Nisenson}, P. and {Noyes}, R.~W.},
    title = "{Evidence for Multiple Companions to {\upsi} Andromedae}",
  journal = {\apj},
 keywords = {STARS: BINARIES: SPECTROSCOPIC, STARS: PLANETARY SYSTEMS, STARS: INDIVIDUAL ({\upsi} ANDROMEDAE)},
     year = 1999,
    month = dec,
   volume = 526,
    pages = {916-927},
      doi = {10.1086/308035},
   adsurl = {http://adsabs.harvard.edu/abs/1999ApJ...526..916B},
  adsnote = {Provided by the SAO/NASA Astrophysics Data System}
}

@ARTICLE{borucki2011,
   author = {{Borucki}, W.~J. and {Koch}, D.~G. and {Basri}, G. and {Batalha}, N. and 
	{Brown}, T.~M. and {Bryson}, S.~T. and {Caldwell}, D. and {Christensen-Dalsgaard}, J. and 
	{Cochran}, W.~D. and {DeVore}, E. and {Dunham}, E.~W. and {Gautier}, III, T.~N. and 
	{Geary}, J.~C. and {Gilliland}, R. and {Gould}, A. and {Howell}, S.~B. and 
	{Jenkins}, J.~M. and {Latham}, D.~W. and {Lissauer}, J.~J. and 
	{Marcy}, G.~W. and {Rowe}, J. and {Sasselov}, D. and {Boss}, A. and 
	{Charbonneau}, D. and {Ciardi}, D. and {Doyle}, L. and {Dupree}, A.~K. and 
	{Ford}, E.~B. and {Fortney}, J. and {Holman}, M.~J. and {Seager}, S. and 
	{Steffen}, J.~H. and {Tarter}, J. and {Welsh}, W.~F. and {Allen}, C. and 
	{Buchhave}, L.~A. and {Christiansen}, J.~L. and {Clarke}, B.~D. and 
	{Das}, S. and {D{\'e}sert}, J.-M. and {Endl}, M. and {Fabrycky}, D. and 
	{Fressin}, F. and {Haas}, M. and {Horch}, E. and {Howard}, A. and 
	{Isaacson}, H. and {Kjeldsen}, H. and {Kolodziejczak}, J. and 
	{Kulesa}, C. and {Li}, J. and {Lucas}, P.~W. and {Machalek}, P. and 
	{McCarthy}, D. and {MacQueen}, P. and {Meibom}, S. and {Miquel}, T. and 
	{Prsa}, A. and {Quinn}, S.~N. and {Quintana}, E.~V. and {Ragozzine}, D. and 
	{Sherry}, W. and {Shporer}, A. and {Tenenbaum}, P. and {Torres}, G. and 
	{Twicken}, J.~D. and {Van Cleve}, J. and {Walkowicz}, L. and 
	{Witteborn}, F.~C. and {Still}, M.},
    title = "{Characteristics of Planetary Candidates Observed by Kepler. II. Analysis of the First Four Months of Data}",
  journal = {\apj},
archivePrefix = "arXiv",
   eprint = {1102.0541},
 primaryClass = "astro-ph.EP",
 keywords = {planetary systems, stars: statistics, planets and satellites: detection, surveys},
     year = 2011,
    month = jul,
   volume = 736,
      eid = {19},
    pages = {19},
      doi = {10.1088/0004-637X/736/1/19},
   adsurl = {http://adsabs.harvard.edu/abs/2011ApJ...736...19B},
  adsnote = {Provided by the SAO/NASA Astrophysics Data System}
}

@ARTICLE{cunha2014,
   author = {{Cunha}, D. and {Santos}, N.~C. and {Figueira}, P. and {Santerne}, A. and 
	{Bertaux}, J.~L. and {Lovis}, C.},
    title = "{Impact of micro-telluric lines on precise radial velocities and its correction}",
  journal = {\aap},
archivePrefix = "arXiv",
   eprint = {1407.0181},
 primaryClass = "astro-ph.EP",
 keywords = {atmospheric effects, techniques: radial velocities, planets and satellites: detection},
     year = 2014,
    month = aug,
   volume = 568,
      eid = {A35},
    pages = {A35},
      doi = {10.1051/0004-6361/201423723},
   adsurl = {http://adsabs.harvard.edu/abs/2014A%26A...568A..35C},
  adsnote = {Provided by the SAO/NASA Astrophysics Data System}
}

@ARTICLE{starfish,
   author = {{Czekala}, I. and {Andrews}, S.~M. and {Mandel}, K.~S. and {Hogg}, D.~W. and 
	{Green}, G.~M.},
    title = "{Robust Spectroscopic Inference with Imperfect Models}",
  journal = {ArXiv e-prints},
archivePrefix = "arXiv",
   eprint = {1412.5177},
 primaryClass = "astro-ph.SR",
 keywords = {Astrophysics - Solar and Stellar Astrophysics, Astrophysics - Earth and Planetary Astrophysics, Astrophysics - Instrumentation and Methods for Astrophysics},
     year = 2014,
    month = dec,
   adsurl = {http://adsabs.harvard.edu/abs/2014arXiv1412.5177C},
  adsnote = {Provided by the SAO/NASA Astrophysics Data System}
}

@ARTICLE{curiel2011,
   author = {{Curiel}, S. and {Cant{\'o}}, J. and {Georgiev}, L. and {Ch{\'a}vez}, C.~E. and 
	{Poveda}, A.},
    title = "{A fourth planet orbiting {\upsi} Andromedae}",
  journal = {\aap},
 keywords = {planets and satellites: dynamical evolution and stability, stars: individual: {\upsi} And, planets and satellites: detection},
     year = 2011,
    month = jan,
   volume = 525,
      eid = {A78},
    pages = {A78},
      doi = {10.1051/0004-6361/201015693},
   adsurl = {http://adsabs.harvard.edu/abs/2011A%26A...525A..78C},
  adsnote = {Provided by the SAO/NASA Astrophysics Data System}
}

@ARTICLE{crossfield2015,
   author = {{Crossfield}, I.~J.~M. and {Petigura}, E. and {Schlieder}, J.~E. and 
	{Howard}, A.~W. and {Fulton}, B.~J. and {Aller}, K.~M. and {Ciardi}, D.~R. and 
	{L{\'e}pine}, S. and {Barclay}, T. and {de Pater}, I. and {de Kleer}, K. and 
	{Quintana}, E.~V. and {Christiansen}, J.~L. and {Schlafly}, E. and 
	{Kaltenegger}, L. and {Crepp}, J.~R. and {Henning}, T. and {Obermeier}, C. and 
	{Deacon}, N. and {Weiss}, L.~M. and {Isaacson}, H.~T. and {Hansen}, B.~M.~S. and 
	{Liu}, M.~C. and {Greene}, T. and {Howell}, S.~B. and {Barman}, T. and 
	{Mordasini}, C.},
    title = "{A Nearby M Star with Three Transiting Super-Earths Discovered by K2}",
  journal = {\apj},
archivePrefix = "arXiv",
   eprint = {1501.03798},
 primaryClass = "astro-ph.EP",
 keywords = {eclipses, stars: individual: EPIC 201367065, techniques: photometric, techniques: spectroscopic},
     year = 2015,
    month = may,
   volume = 804,
      eid = {10},
    pages = {10},
      doi = {10.1088/0004-637X/804/1/10},
   adsurl = {http://adsabs.harvard.edu/abs/2015ApJ...804...10C},
  adsnote = {Provided by the SAO/NASA Astrophysics Data System}
}

@ARTICLE{charbonneau2009,
   author = {{Charbonneau}, D. and {Berta}, Z.~K. and {Irwin}, J. and {Burke}, C.~J. and 
	{Nutzman}, P. and {Buchhave}, L.~A. and {Lovis}, C. and {Bonfils}, X. and 
	{Latham}, D.~W. and {Udry}, S. and {Murray-Clay}, R.~A. and 
	{Holman}, M.~J. and {Falco}, E.~E. and {Winn}, J.~N. and {Queloz}, D. and 
	{Pepe}, F. and {Mayor}, M. and {Delfosse}, X. and {Forveille}, T.
	},
    title = "{A super-Earth transiting a nearby low-mass star}",
  journal = {\nat},
archivePrefix = "arXiv",
   eprint = {0912.3229},
 primaryClass = "astro-ph.EP",
     year = 2009,
    month = dec,
   volume = 462,
    pages = {891-894},
      doi = {10.1038/nature08679},
   adsurl = {http://adsabs.harvard.edu/abs/2009Natur.462..891C},
  adsnote = {Provided by the SAO/NASA Astrophysics Data System}
}

@ARTICLE{dawson2015,
   author = {{Dawson}, R.~I. and {Chiang}, E. and {Lee}, E.~J.},
    title = "{A metallicity recipe for rocky planets}",
  journal = {\mnras},
archivePrefix = "arXiv",
   eprint = {1506.06867},
 primaryClass = "astro-ph.EP",
 keywords = {planets and satellites: dynamical evolution and stability, planets and satellites: formation},
     year = 2015,
    month = oct,
   volume = 453,
    pages = {1471-1483},
      doi = {10.1093/mnras/stv1639},
   adsurl = {http://adsabs.harvard.edu/abs/2015MNRAS.453.1471D},
  adsnote = {Provided by the SAO/NASA Astrophysics Data System}
}


@ARTICLE{dumusque2012,
   author = {{Dumusque}, X. and {Pepe}, F. and {Lovis}, C. and {S{\'e}gransan}, D. and 
	{Sahlmann}, J. and {Benz}, W. and {Bouchy}, F. and {Mayor}, M. and 
	{Queloz}, D. and {Santos}, N. and {Udry}, S.},
    title = "{An Earth-mass planet orbiting {$\alpha$} Centauri B}",
  journal = {\nat},
     year = 2012,
    month = nov,
   volume = 491,
    pages = {207-211},
      doi = {10.1038/nature11572},
   adsurl = {http://adsabs.harvard.edu/abs/2012Natur.491..207D},
  adsnote = {Provided by the SAO/NASA Astrophysics Data System}
}

@ARTICLE{dressing2015a,
   author = {{Dressing}, C.~D. and {Charbonneau}, D.},
    title = "{The Occurrence of Potentially Habitable Planets Orbiting M Dwarfs Estimated from the Full Kepler Dataset and an Empirical Measurement of the Detection Sensitivity}",
  journal = {\apj},
archivePrefix = "arXiv",
   eprint = {1501.01623},
 primaryClass = "astro-ph.EP",
 keywords = {catalogs, methods: data analysis, planetary systems, stars: low-mass, surveys, techniques: photometric},
     year = 2015,
    month = jul,
   volume = 807,
      eid = {45},
    pages = {45},
      doi = {10.1088/0004-637X/807/1/45},
   adsurl = {http://adsabs.harvard.edu/abs/2015ApJ...807...45D},
  adsnote = {Provided by the SAO/NASA Astrophysics Data System}
}

@ARTICLE{dressing2015,
   author = {{Dressing}, C.~D. and {Charbonneau}, D. and {Dumusque}, X. and 
	{Gettel}, S. and {Pepe}, F. and {Collier Cameron}, A. and {Latham}, D.~W. and 
	{Molinari}, E. and {Udry}, S. and {Affer}, L. and {Bonomo}, A.~S. and 
	{Buchhave}, L.~A. and {Cosentino}, R. and {Figueira}, P. and 
	{Fiorenzano}, A.~F.~M. and {Harutyunyan}, A. and {Haywood}, R.~D. and 
	{Johnson}, J.~A. and {Lopez-Morales}, M. and {Lovis}, C. and 
	{Malavolta}, L. and {Mayor}, M. and {Micela}, G. and {Motalebi}, F. and 
	{Nascimbeni}, V. and {Phillips}, D.~F. and {Piotto}, G. and 
	{Pollacco}, D. and {Queloz}, D. and {Rice}, K. and {Sasselov}, D. and 
	{S{\'e}gransan}, D. and {Sozzetti}, A. and {Szentgyorgyi}, A. and 
	{Watson}, C.},
    title = "{The Mass of Kepler-93b and The Composition of Terrestrial Planets}",
  journal = {\apj},
archivePrefix = "arXiv",
   eprint = {1412.8687},
 primaryClass = "astro-ph.EP",
 keywords = {planetary systems, planets and satellites: composition, stars: individual: Kepler-93 {\amp}equals KOI 69 {\amp}equals KIC 3544595, techniques: radial velocities },
     year = 2015,
    month = feb,
   volume = 800,
      eid = {135},
    pages = {135},
      doi = {10.1088/0004-637X/800/2/135},
   adsurl = {http://adsabs.harvard.edu/abs/2015ApJ...800..135D},
  adsnote = {Provided by the SAO/NASA Astrophysics Data System}
}

@ARTICLE{emcee,
   author = {{Foreman-Mackey}, D. and {Hogg}, D.~W. and {Lang}, D. and {Goodman}, J.
	},
    title = "{emcee: The MCMC Hammer}",
  journal = {\pasp},
archivePrefix = "arXiv",
   eprint = {1202.3665},
 primaryClass = "astro-ph.IM",
 keywords = {Data Analysis and Techniques},
     year = 2013,
    month = mar,
   volume = 125,
    pages = {306-312},
      doi = {10.1086/670067},
   adsurl = {http://adsabs.harvard.edu/abs/2013PASP..125..306F},
  adsnote = {Provided by the SAO/NASA Astrophysics Data System}
}

@ARTICLE{foreman-mackey2014,
   author = {{Foreman-Mackey}, D. and {Hogg}, D.~W. and {Morton}, T.~D.},
    title = "{Exoplanet Population Inference and the Abundance of Earth Analogs from Noisy, Incomplete Catalogs}",
  journal = {\apj},
archivePrefix = "arXiv",
   eprint = {1406.3020},
 primaryClass = "astro-ph.EP",
 keywords = {catalogs, methods: data analysis, methods: statistical, planetary systems, stars: statistics },
     year = 2014,
    month = nov,
   volume = 795,
      eid = {64},
    pages = {64},
      doi = {10.1088/0004-637X/795/1/64},
   adsurl = {http://adsabs.harvard.edu/abs/2014ApJ...795...64F},
  adsnote = {Provided by the SAO/NASA Astrophysics Data System}
}

@ARTICLE{foreman-mackey2015,
   author = {{Foreman-Mackey}, D. and {Montet}, B.~T. and {Hogg}, D.~W. and 
	{Morton}, T.~D. and {Wang}, D. and {Sch{\"o}lkopf}, B.},
    title = "{A Systematic Search for Transiting Planets in the K2 Data}",
  journal = {\apj},
archivePrefix = "arXiv",
   eprint = {1502.04715},
 primaryClass = "astro-ph.EP",
 keywords = {catalogs, methods: data analysis, methods: statistical, planetary systems, stars: statistics},
     year = 2015,
    month = jun,
   volume = 806,
      eid = {215},
    pages = {215},
      doi = {10.1088/0004-637X/806/2/215},
   adsurl = {http://adsabs.harvard.edu/abs/2015ApJ...806..215F},
  adsnote = {Provided by the SAO/NASA Astrophysics Data System}
}

@ARTICLE{fressin2013,
   author = {{Fressin}, F. and {Torres}, G. and {Charbonneau}, D. and {Bryson}, S.~T. and 
	{Christiansen}, J. and {Dressing}, C.~D. and {Jenkins}, J.~M. and 
	{Walkowicz}, L.~M. and {Batalha}, N.~M.},
    title = "{The False Positive Rate of Kepler and the Occurrence of Planets}",
  journal = {\apj},
archivePrefix = "arXiv",
   eprint = {1301.0842},
 primaryClass = "astro-ph.EP",
 keywords = {binaries: eclipsing, methods: data analysis, methods: statistical, planetary systems },
     year = 2013,
    month = apr,
   volume = 766,
      eid = {81},
    pages = {81},
      doi = {10.1088/0004-637X/766/2/81},
   adsurl = {http://adsabs.harvard.edu/abs/2013ApJ...766...81F},
  adsnote = {Provided by the SAO/NASA Astrophysics Data System}
}

@ARTICLE{gautier2012,
   author = {{Gautier}, III, T.~N. and {Charbonneau}, D. and {Rowe}, J.~F. and 
	{Marcy}, G.~W. and {Isaacson}, H. and {Torres}, G. and {Fressin}, F. and 
	{Rogers}, L.~A. and {D{\'e}sert}, J.-M. and {Buchhave}, L.~A. and 
	{Latham}, D.~W. and {Quinn}, S.~N. and {Ciardi}, D.~R. and {Fabrycky}, D.~C. and 
	{Ford}, E.~B. and {Gilliland}, R.~L. and {Walkowicz}, L.~M. and 
	{Bryson}, S.~T. and {Cochran}, W.~D. and {Endl}, M. and {Fischer}, D.~A. and 
	{Howell}, S.~B. and {Horch}, E.~P. and {Barclay}, T. and {Batalha}, N. and 
	{Borucki}, W.~J. and {Christiansen}, J.~L. and {Geary}, J.~C. and 
	{Henze}, C.~E. and {Holman}, M.~J. and {Ibrahim}, K. and {Jenkins}, J.~M. and 
	{Kinemuchi}, K. and {Koch}, D.~G. and {Lissauer}, J.~J. and 
	{Sanderfer}, D.~T. and {Sasselov}, D.~D. and {Seager}, S. and 
	{Silverio}, K. and {Smith}, J.~C. and {Still}, M. and {Stumpe}, M.~C. and 
	{Tenenbaum}, P. and {Van Cleve}, J.},
    title = "{Kepler-20: A Sun-like Star with Three Sub-Neptune Exoplanets and Two Earth-size Candidates}",
  journal = {\apj},
archivePrefix = "arXiv",
   eprint = {1112.4514},
 primaryClass = "astro-ph.EP",
 keywords = {eclipses, planetary systems, stars: individual: Kepler-20 KIC 6850504 2MASS J19104752+4220194},
     year = 2012,
    month = apr,
   volume = 749,
      eid = {15},
    pages = {15},
      doi = {10.1088/0004-637X/749/1/15},
   adsurl = {http://adsabs.harvard.edu/abs/2012ApJ...749...15G},
  adsnote = {Provided by the SAO/NASA Astrophysics Data System}
}

@ARTICLE{gettel2012,
   author = {{Gettel}, S. and {Wolszczan}, A. and {Niedzielski}, A. and {Nowak}, G. and 
	{Adam{\'o}w}, M. and {Zieli{\'n}ski}, P. and {Maciejewski}, G.
	},
    title = "{Planets around the K-giants BD+20 274 and HD 219415}",
  journal = {\apj},
archivePrefix = "arXiv",
   eprint = {1207.0488},
 primaryClass = "astro-ph.EP",
 keywords = {planetary systems, stars: individual: BD+20 274 HD 219415},
     year = 2012,
    month = sep,
   volume = 756,
      eid = {53},
    pages = {53},
      doi = {10.1088/0004-637X/756/1/53},
   adsurl = {http://adsabs.harvard.edu/abs/2012ApJ...756...53G},
  adsnote = {Provided by the SAO/NASA Astrophysics Data System}
}

@ARTICLE{gilliland2013,
   author = {{Gilliland}, R.~L. and {Marcy}, G.~W. and {Rowe}, J.~F. and 
	{Rogers}, L. and {Torres}, G. and {Fressin}, F. and {Lopez}, E.~D. and 
	{Buchhave}, L.~A. and {Christensen-Dalsgaard}, J. and {D{\'e}sert}, J.-M. and 
	{Henze}, C.~E. and {Isaacson}, H. and {Jenkins}, J.~M. and {Lissauer}, J.~J. and 
	{Chaplin}, W.~J. and {Basu}, S. and {Metcalfe}, T.~S. and {Elsworth}, Y. and 
	{Handberg}, R. and {Hekker}, S. and {Huber}, D. and {Karoff}, C. and 
	{Kjeldsen}, H. and {Lund}, M.~N. and {Lundkvist}, M. and {Miglio}, A. and 
	{Charbonneau}, D. and {Ford}, E.~B. and {Fortney}, J.~J. and 
	{Haas}, M.~R. and {Howard}, A.~W. and {Howell}, S.~B. and {Ragozzine}, D. and 
	{Thompson}, S.~E.},
    title = "{Kepler-68: Three Planets, One with a Density between that of Earth and Ice Giants}",
  journal = {\apj},
archivePrefix = "arXiv",
   eprint = {1302.2596},
 primaryClass = "astro-ph.EP",
 keywords = {planetary systems, stars: fundamental parameters, stars: individual: Kepler-68 KIC 11295426 2MASS J19240775+4902249},
     year = 2013,
    month = mar,
   volume = 766,
      eid = {40},
    pages = {40},
      doi = {10.1088/0004-637X/766/1/40},
   adsurl = {http://adsabs.harvard.edu/abs/2013ApJ...766...40G},
  adsnote = {Provided by the SAO/NASA Astrophysics Data System}
}

@ARTICLE{gregory2011,
   author = {{Gregory}, P.~C.},
    title = "{Bayesian re-analysis of the Gliese 581 exoplanet system}",
  journal = {\mnras},
archivePrefix = "arXiv",
   eprint = {1101.0800},
 primaryClass = "astro-ph.SR",
 keywords = {methods: statistical, methods: data analysis, techniques: radial velocities, planetary systems},
     year = 2011,
    month = aug,
   volume = 415,
    pages = {2523-2545},
      doi = {10.1111/j.1365-2966.2011.18877.x},
   adsurl = {http://adsabs.harvard.edu/abs/2011MNRAS.415.2523G},
  adsnote = {Provided by the SAO/NASA Astrophysics Data System}
}

@ARTICLE{han2014,
   author = {{Han}, E. and {Wang}, S.~X. and {Wright}, J.~T. and {Feng}, Y.~K. and 
	{Zhao}, M. and {Fakhouri}, O. and {Brown}, J.~I. and {Hancock}, C.
	},
    title = "{Exoplanet Orbit Database. II. Updates to Exoplanets.org}",
  journal = {\pasp},
archivePrefix = "arXiv",
   eprint = {1409.7709},
 primaryClass = "astro-ph.EP",
 keywords = {Extrasolar Planets},
     year = 2014,
    month = oct,
   volume = 126,
    pages = {827-837},
      doi = {10.1086/678447},
   adsurl = {http://adsabs.harvard.edu/abs/2014PASP..126..827H},
  adsnote = {Provided by the SAO/NASA Astrophysics Data System}
}

@ARTICLE{hatzes2013,
   author = {{Hatzes}, A.~P.},
    title = "{The Radial Velocity Detection of Earth-mass Planets in the Presence of Activity Noise: The Case of {$\alpha$} Centauri Bb}",
  journal = {\apj},
archivePrefix = "arXiv",
   eprint = {1305.4960},
 primaryClass = "astro-ph.SR",
 keywords = {planetary systems, techniques: radial velocities},
     year = 2013,
    month = jun,
   volume = 770,
      eid = {133},
    pages = {133},
      doi = {10.1088/0004-637X/770/2/133},
   adsurl = {http://adsabs.harvard.edu/abs/2013ApJ...770..133H},
  adsnote = {Provided by the SAO/NASA Astrophysics Data System}
}

@ARTICLE{henry2013,
   author = {{Henry}, G.~W. and {Kane}, S.~R. and {Wang}, S.~X. and {Wright}, J.~T. and 
	{Boyajian}, T.~S. and {von Braun}, K. and {Ciardi}, D.~R. and 
	{Dragomir}, D. and {Farrington}, C. and {Fischer}, D.~A. and 
	{Hinkel}, N.~R. and {Howard}, A.~W. and {Jensen}, E. and {Laughlin}, G. and 
	{Mahadevan}, S. and {Pilyavsky}, G.},
    title = "{Host Star Properties and Transit Exclusion for the HD 38529 Planetary System}",
  journal = {\apj},
archivePrefix = "arXiv",
   eprint = {1303.4735},
 primaryClass = "astro-ph.EP",
 keywords = {planetary systems, stars: individual: HD 38529, techniques: photometric, techniques: radial velocities },
     year = 2013,
    month = may,
   volume = 768,
      eid = {155},
    pages = {155},
      doi = {10.1088/0004-637X/768/2/155},
   adsurl = {http://adsabs.harvard.edu/abs/2013ApJ...768..155H},
  adsnote = {Provided by the SAO/NASA Astrophysics Data System}
}


@INPROCEEDINGS{hogstrom2013,
   author = {{Hogstrom}, K. and {Johnson}, J.~A. and {Wright}, J. and {McCrady}, N. and 
	{Swift}, J. and {Muirhead}, P. and {Bottom}, M. and {Plavchan}, P. and 
	{Zhao}, M. and {Riddle}, R.~L.},
    title = "{Minerva: A Dedicated Observatory for the Detection of Small Planets in the Solar Neighborhood}",
booktitle = {AAS Meeting Abstracts},
     year = 2013,
   volume = 221,
    month = jan,
    pages = {149.06},
   adsurl = {http://adsabs.harvard.edu/abs/2013AAS...22114906H},
  adsnote = {Provided by the SAO/NASA Astrophysics Data System}
}

@ARTICLE{horner2008,
   author = {{Horner}, J. and {Jones}, B.~W.},
    title = "{Jupiter   friend or foe? I: The asteroids}",
  journal = {International Journal of Astrobiology},
archivePrefix = "arXiv",
   eprint = {0806.2795},
 keywords = {asteroids, comets, minor planets, planets and satellites,  Solar System, Solar System formation},
     year = 2008,
    month = oct,
   volume = 7,
    pages = {251-261},
      doi = {10.1017/S1473550408004187},
   adsurl = {http://adsabs.harvard.edu/abs/2008IJAsB...7..251H},
  adsnote = {Provided by the SAO/NASA Astrophysics Data System}
}

@ARTICLE{howard2013,
author = {{Howard}, A.~W. and {Sanchis-Ojeda}, R. and {Marcy}, G.~W. and 
	{Johnson}, J.~A. and {Winn}, J.~N. and {Isaacson}, H. and {Fischer}, D.~A. and 
	{Fulton}, B.~J. and {Sinukoff}, E. and {Fortney}, J.~J.},
    title = "{A rocky composition for an Earth-sized exoplanet}",
  journal = {\nat},
archivePrefix = "arXiv",
   eprint = {1310.7988},
 primaryClass = "astro-ph.EP",
     year = 2013,
    month = nov,
   volume = 503,
    pages = {381-384},
      doi = {10.1038/nature12767},
   adsurl = {http://adsabs.harvard.edu/abs/2013Natur.503..381H},
  adsnote = {Provided by the SAO/NASA Astrophysics Data System}
}

@ARTICLE{howard2014,
   author = {{Howard}, A.~W. and {Marcy}, G.~W. and {Fischer}, D.~A. and 
	{Isaacson}, H. and {Muirhead}, P.~S. and {Henry}, G.~W. and 
	{Boyajian}, T.~S. and {von Braun}, K. and {Becker}, J.~C. and 
	{Wright}, J.~T. and {Johnson}, J.~A.},
    title = "{The NASA-UC-UH ETA-Earth Program. IV. A Low-mass Planet Orbiting an M Dwarf 3.6 PC from Earth}",
  journal = {\apj},
archivePrefix = "arXiv",
   eprint = {1408.5645},
 primaryClass = "astro-ph.EP",
 keywords = {planetary systems, stars: individual: Gliese 15 A, techniques: radial velocities},
     year = 2014,
    month = oct,
   volume = 794,
      eid = {51},
    pages = {51},
      doi = {10.1088/0004-637X/794/1/51},
   adsurl = {http://adsabs.harvard.edu/abs/2014ApJ...794...51H},
  adsnote = {Provided by the SAO/NASA Astrophysics Data System}
}

@ARTICLE{jenkins2015,
   author = {{Jenkins}, J.~M. and {Twicken}, J.~D. and {Batalha}, N.~M. and 
	{Caldwell}, D.~A. and {Cochran}, W.~D. and {Endl}, M. and {Latham}, D.~W. and 
	{Esquerdo}, G.~A. and {Seader}, S. and {Bieryla}, A. and {Petigura}, E. and 
	{Ciardi}, D.~R. and {Marcy}, G.~W. and {Isaacson}, H. and {Huber}, D. and 
	{Rowe}, J.~F. and {Torres}, G. and {Bryson}, S.~T. and {Buchhave}, L. and 
	{Ramirez}, I. and {Wolfgang}, A. and {Li}, J. and {Campbell}, J.~R. and 
	{Tenenbaum}, P. and {Sanderfer}, D. and {Henze}, C.~E. and {Catanzarite}, J.~H. and 
	{Gilliland}, R.~L. and {Borucki}, W.~J.},
    title = "{Discovery and Validation of Kepler-452b: A 1.6 R$_{⨁}$ Super Earth Exoplanet in the Habitable Zone of a G2 Star}",
  journal = {\aj},
archivePrefix = "arXiv",
   eprint = {1507.06723},
 primaryClass = "astro-ph.EP",
 keywords = {methods: statistical, planets and satellites: detection, stars: fundamental parameters, stars: individual: Kepler-452b, KIC 8311864, KOI7016.01},
     year = 2015,
    month = aug,
   volume = 150,
      eid = {56},
    pages = {56},
      doi = {10.1088/0004-6256/150/2/56},
   adsurl = {http://adsabs.harvard.edu/abs/2015AJ....150...56J},
  adsnote = {Provided by the SAO/NASA Astrophysics Data System}
}

@ARTICLE{johnson2011,
   author = {{Johnson}, J.~A. and {Clanton}, C. and {Howard}, A.~W. and {Bowler}, B.~P. and 
	{Henry}, G.~W. and {Marcy}, G.~W. and {Crepp}, J.~R. and {Endl}, M. and 
	{Cochran}, W.~D. and {MacQueen}, P.~J. and {Wright}, J.~T. and 
	{Isaacson}, H.},
    title = "{Retired A Stars and Their Companions. VII. 18 New Jovian Planets}",
  journal = {\apjs},
archivePrefix = "arXiv",
   eprint = {1108.4205},
 primaryClass = "astro-ph.EP",
 keywords = {binaries: spectroscopic, planetary systems, techniques: photometric, techniques: radial velocities},
     year = 2011,
    month = dec,
   volume = 197,
      eid = {26},
    pages = {26},
      doi = {10.1088/0067-0049/197/2/26},
   adsurl = {http://adsabs.harvard.edu/abs/2011ApJS..197...26J},
  adsnote = {Provided by the SAO/NASA Astrophysics Data System}
}

@ARTICLE{liu2015,
   author = {{Liu}, S.-F. and {Hori}, Y. and {Lin}, D.~N.~C. and {Asphaug}, E.
	},
    title = "{Giant Impact: An Efficient Mechanism for the Devolatilization of Super-Earths}",
  journal = {\apj},
archivePrefix = "arXiv",
   eprint = {1509.05772},
 primaryClass = "astro-ph.EP",
 keywords = {equation of state, hydrodynamics, planets and satellites: formation, planets and satellites: interiors, stars: individual: Kepler-36, Kepler-11},
     year = 2015,
    month = oct,
   volume = 812,
      eid = {164},
    pages = {164},
      doi = {10.1088/0004-637X/812/2/164},
   adsurl = {http://adsabs.harvard.edu/abs/2015ApJ...812..164L},
  adsnote = {Provided by the SAO/NASA Astrophysics Data System}
}

@ARTICLE{leger2009,
   author = {{L{\'e}ger}, A. and {Rouan}, D. and {Schneider}, J. and {Barge}, P. and 
	{Fridlund}, M. and {Samuel}, B. and {Ollivier}, M. and {Guenther}, E. and 
	{Deleuil}, M. and {Deeg}, H.~J. and {Auvergne}, M. and {Alonso}, R. and 
	{Aigrain}, S. and {Alapini}, A. and {Almenara}, J.~M. and {Baglin}, A. and 
	{Barbieri}, M. and {Bruntt}, H. and {Bord{\'e}}, P. and {Bouchy}, F. and 
	{Cabrera}, J. and {Catala}, C. and {Carone}, L. and {Carpano}, S. and 
	{Csizmadia}, S. and {Dvorak}, R. and {Erikson}, A. and {Ferraz-Mello}, S. and 
	{Foing}, B. and {Fressin}, F. and {Gandolfi}, D. and {Gillon}, M. and 
	{Gondoin}, P. and {Grasset}, O. and {Guillot}, T. and {Hatzes}, A. and 
	{H{\'e}brard}, G. and {Jorda}, L. and {Lammer}, H. and {Llebaria}, A. and 
	{Loeillet}, B. and {Mayor}, M. and {Mazeh}, T. and {Moutou}, C. and 
	{P{\"a}tzold}, M. and {Pont}, F. and {Queloz}, D. and {Rauer}, H. and 
	{Renner}, S. and {Samadi}, R. and {Shporer}, A. and {Sotin}, C. and 
	{Tingley}, B. and {Wuchterl}, G. and {Adda}, M. and {Agogu}, P. and 
	{Appourchaux}, T. and {Ballans}, H. and {Baron}, P. and {Beaufort}, T. and 
	{Bellenger}, R. and {Berlin}, R. and {Bernardi}, P. and {Blouin}, D. and 
	{Baudin}, F. and {Bodin}, P. and {Boisnard}, L. and {Boit}, L. and 
	{Bonneau}, F. and {Borzeix}, S. and {Briet}, R. and {Buey}, J.-T. and 
	{Butler}, B. and {Cailleau}, D. and {Cautain}, R. and {Chabaud}, P.-Y. and 
	{Chaintreuil}, S. and {Chiavassa}, F. and {Costes}, V. and {Cuna Parrho}, V. and 
	{de Oliveira Fialho}, F. and {Decaudin}, M. and {Defise}, J.-M. and 
	{Djalal}, S. and {Epstein}, G. and {Exil}, G.-E. and {Faur{\'e}}, C. and 
	{Fenouillet}, T. and {Gaboriaud}, A. and {Gallic}, A. and {Gamet}, P. and 
	{Gavalda}, P. and {Grolleau}, E. and {Gruneisen}, R. and {Gueguen}, L. and 
	{Guis}, V. and {Guivarc'h}, V. and {Guterman}, P. and {Hallouard}, D. and 
	{Hasiba}, J. and {Heuripeau}, F. and {Huntzinger}, G. and {Hustaix}, H. and 
	{Imad}, C. and {Imbert}, C. and {Johlander}, B. and {Jouret}, M. and 
	{Journoud}, P. and {Karioty}, F. and {Kerjean}, L. and {Lafaille}, V. and 
	{Lafond}, L. and {Lam-Trong}, T. and {Landiech}, P. and {Lapeyrere}, V. and 
	{Larqu{\'e}}, T. and {Laudet}, P. and {Lautier}, N. and {Lecann}, H. and 
	{Lefevre}, L. and {Leruyet}, B. and {Levacher}, P. and {Magnan}, A. and 
	{Mazy}, E. and {Mertens}, F. and {Mesnager}, J.-M. and {Meunier}, J.-C. and 
	{Michel}, J.-P. and {Monjoin}, W. and {Naudet}, D. and {Nguyen-Kim}, K. and 
	{Orcesi}, J.-L. and {Ottacher}, H. and {Perez}, R. and {Peter}, G. and 
	{Plasson}, P. and {Plesseria}, J.-Y. and {Pontet}, B. and {Pradines}, A. and 
	{Quentin}, C. and {Reynaud}, J.-L. and {Rolland}, G. and {Rollenhagen}, F. and 
	{Romagnan}, R. and {Russ}, N. and {Schmidt}, R. and {Schwartz}, N. and 
	{Sebbag}, I. and {Sedes}, G. and {Smit}, H. and {Steller}, M.~B. and 
	{Sunter}, W. and {Surace}, C. and {Tello}, M. and {Tiph{\`e}ne}, D. and 
	{Toulouse}, P. and {Ulmer}, B. and {Vandermarcq}, O. and {Vergnault}, E. and 
	{Vuillemin}, A. and {Zanatta}, P.},
    title = "{Transiting exoplanets from the CoRoT space mission. VIII. CoRoT-7b: the first super-Earth with measured radius}",
  journal = {\aap},
archivePrefix = "arXiv",
   eprint = {0908.0241},
 primaryClass = "astro-ph.EP",
 keywords = {techniques: photometric, techniques: spectroscopic, planetary systems, techniques: high angular resolution, techniques: radial velocities},
     year = 2009,
    month = oct,
   volume = 506,
    pages = {287-302},
      doi = {10.1051/0004-6361/200911933},
   adsurl = {http://adsabs.harvard.edu/abs/2009A%26A...506..287L},
  adsnote = {Provided by the SAO/NASA Astrophysics Data System}
}


@ARTICLE{lissauer2011,
   author = {{Lissauer}, J.~J. and {Ragozzine}, D. and {Fabrycky}, D.~C. and 
	{Steffen}, J.~H. and {Ford}, E.~B. and {Jenkins}, J.~M. and 
	{Shporer}, A. and {Holman}, M.~J. and {Rowe}, J.~F. and {Quintana}, E.~V. and 
	{Batalha}, N.~M. and {Borucki}, W.~J. and {Bryson}, S.~T. and 
	{Caldwell}, D.~A. and {Carter}, J.~A. and {Ciardi}, D. and {Dunham}, E.~W. and 
	{Fortney}, J.~J. and {Gautier}, III, T.~N. and {Howell}, S.~B. and 
	{Koch}, D.~G. and {Latham}, D.~W. and {Marcy}, G.~W. and {Morehead}, R.~C. and 
	{Sasselov}, D.},
    title = "{Architecture and Dynamics of Kepler's Candidate Multiple Transiting Planet Systems}",
  journal = {\apjs},
archivePrefix = "arXiv",
   eprint = {1102.0543},
 primaryClass = "astro-ph.EP",
 keywords = {celestial mechanics, planets and satellites: dynamical evolution and stability, planets and satellites: fundamental parameters, planets and satellites: general, planetary systems},
     year = 2011,
    month = nov,
   volume = 197,
      eid = {8},
    pages = {8},
      doi = {10.1088/0067-0049/197/1/8},
   adsurl = {http://adsabs.harvard.edu/abs/2011ApJS..197....8L},
  adsnote = {Provided by the SAO/NASA Astrophysics Data System}
}

@ARTICLE{mazeh2013,
   author = {{Mazeh}, T. and {Nachmani}, G. and {Holczer}, T. and {Fabrycky}, D.~C. and 
	{Ford}, E.~B. and {Sanchis-Ojeda}, R. and {Sokol}, G. and {Rowe}, J.~F. and 
	{Zucker}, S. and {Agol}, E. and {Carter}, J.~A. and {Lissauer}, J.~J. and 
	{Quintana}, E.~V. and {Ragozzine}, D. and {Steffen}, J.~H. and 
	{Welsh}, W.},
    title = "{Transit Timing Observations from Kepler. VIII. Catalog of Transit Timing Measurements of the First Twelve Quarters}",
  journal = {\apjs},
archivePrefix = "arXiv",
   eprint = {1301.5499},
 primaryClass = "astro-ph.EP",
 keywords = {planetary systems, planets and satellites: detection, techniques: miscellaneous, techniques: photometric },
     year = 2013,
    month = oct,
   volume = 208,
      eid = {16},
    pages = {16},
      doi = {10.1088/0067-0049/208/2/16},
   adsurl = {http://adsabs.harvard.edu/abs/2013ApJS..208...16M},
  adsnote = {Provided by the SAO/NASA Astrophysics Data System}
}

@ARTICLE{marcy2001,
   author = {{Marcy}, G.~W. and {Butler}, R.~P. and {Fischer}, D. and {Vogt}, S.~S. and 
	{Lissauer}, J.~J. and {Rivera}, E.~J.},
    title = "{A Pair of Resonant Planets Orbiting GJ 876}",
  journal = {\apj},
 keywords = {Stars: Planetary Systems, stars: individual (GJ 876)},
     year = 2001,
    month = jul,
   volume = 556,
    pages = {296-301},
      doi = {10.1086/321552},
   adsurl = {http://adsabs.harvard.edu/abs/2001ApJ...556..296M},
  adsnote = {Provided by the SAO/NASA Astrophysics Data System}
}

@ARTICLE{marcy2014,
   author = {{Marcy}, G.~W. and {Isaacson}, H. and {Howard}, A.~W. and {Rowe}, J.~F. and 
	{Jenkins}, J.~M. and {Bryson}, S.~T. and {Latham}, D.~W. and 
	{Howell}, S.~B. and {Gautier}, III, T.~N. and {Batalha}, N.~M. and 
	{Rogers}, L. and {Ciardi}, D. and {Fischer}, D.~A. and {Gilliland}, R.~L. and 
	{Kjeldsen}, H. and {Christensen-Dalsgaard}, J. and {Huber}, D. and 
	{Chaplin}, W.~J. and {Basu}, S. and {Buchhave}, L.~A. and {Quinn}, S.~N. and 
	{Borucki}, W.~J. and {Koch}, D.~G. and {Hunter}, R. and {Caldwell}, D.~A. and 
	{Van Cleve}, J. and {Kolbl}, R. and {Weiss}, L.~M. and {Petigura}, E. and 
	{Seager}, S. and {Morton}, T. and {Johnson}, J.~A. and {Ballard}, S. and 
	{Burke}, C. and {Cochran}, W.~D. and {Endl}, M. and {MacQueen}, P. and 
	{Everett}, M.~E. and {Lissauer}, J.~J. and {Ford}, E.~B. and 
	{Torres}, G. and {Fressin}, F. and {Brown}, T.~M. and {Steffen}, J.~H. and 
	{Charbonneau}, D. and {Basri}, G.~S. and {Sasselov}, D.~D. and 
	{Winn}, J. and {Sanchis-Ojeda}, R. and {Christiansen}, J. and 
	{Adams}, E. and {Henze}, C. and {Dupree}, A. and {Fabrycky}, D.~C. and 
	{Fortney}, J.~J. and {Tarter}, J. and {Holman}, M.~J. and {Tenenbaum}, P. and 
	{Shporer}, A. and {Lucas}, P.~W. and {Welsh}, W.~F. and {Orosz}, J.~A. and 
	{Bedding}, T.~R. and {Campante}, T.~L. and {Davies}, G.~R. and 
	{Elsworth}, Y. and {Handberg}, R. and {Hekker}, S. and {Karoff}, C. and 
	{Kawaler}, S.~D. and {Lund}, M.~N. and {Lundkvist}, M. and {Metcalfe}, T.~S. and 
	{Miglio}, A. and {Silva Aguirre}, V. and {Stello}, D. and {White}, T.~R. and 
	{Boss}, A. and {Devore}, E. and {Gould}, A. and {Prsa}, A. and 
	{Agol}, E. and {Barclay}, T. and {Coughlin}, J. and {Brugamyer}, E. and 
	{Mullally}, F. and {Quintana}, E.~V. and {Still}, M. and {Thompson}, S.~E. and 
	{Morrison}, D. and {Twicken}, J.~D. and {D{\'e}sert}, J.-M. and 
	{Carter}, J. and {Crepp}, J.~R. and {H{\'e}brard}, G. and {Santerne}, A. and 
	{Moutou}, C. and {Sobeck}, C. and {Hudgins}, D. and {Haas}, M.~R. and 
	{Robertson}, P. and {Lillo-Box}, J. and {Barrado}, D.},
    title = "{Masses, Radii, and Orbits of Small Kepler Planets: The Transition from Gaseous to Rocky Planets}",
  journal = {\apjs},
archivePrefix = "arXiv",
   eprint = {1401.4195},
 primaryClass = "astro-ph.EP",
 keywords = {planetary systems, planets and satellites: detection, stars: individual: Kepler-25 Kepler-37 Kepler-48 Kepler-68 Kepler-93 Kepler-94 Kepler-95 Kepler-96 Kepler-97 Kepler-98 Kepler-99 Kepler-100 Kepler-102 Kepler-103 Kepler-106 Kepler-109 Kepler-113 Kepler-131 Kepler-406 Kepler-407 Kepler-409, techniques: photometric, techniques: radial velocities},
     year = 2014,
    month = feb,
   volume = 210,
      eid = {20},
    pages = {20},
      doi = {10.1088/0067-0049/210/2/20},
   adsurl = {http://adsabs.harvard.edu/abs/2014ApJS..210...20M},
  adsnote = {Provided by the SAO/NASA Astrophysics Data System}
}

@ARTICLE{mcarthur2004,
   author = {{McArthur}, B.~E. and {Endl}, M. and {Cochran}, W.~D. and {Benedict}, G.~F. and 
	{Fischer}, D.~A. and {Marcy}, G.~W. and {Butler}, R.~P. and 
	{Naef}, D. and {Mayor}, M. and {Queloz}, D. and {Udry}, S. and 
	{Harrison}, T.~E.},
    title = "{Detection of a Neptune-Mass Planet in the {$\rho$}$^{1}$ Cancri System Using the Hobby-Eberly Telescope}",
  journal = {\apjl},
   eprint = {astro-ph/0408585},
 keywords = {Astrometry, Stars: Planetary Systems, Stars: Individual: Constellation Name: {$\rho$}1 Cancri},
     year = 2004,
    month = oct,
   volume = 614,
    pages = {L81-L84},
      doi = {10.1086/425561},
   adsurl = {http://adsabs.harvard.edu/abs/2004ApJ...614L..81M},
  adsnote = {Provided by the SAO/NASA Astrophysics Data System}
}

@ARTICLE{petigura2013,
   author = {{Petigura}, E.~A. and {Howard}, A.~W. and {Marcy}, G.~W.},
    title = "{Prevalence of Earth-size planets orbiting Sun-like stars}",
  journal = {Proceedings of the National Academy of Science},
archivePrefix = "arXiv",
   eprint = {1311.6806},
 primaryClass = "astro-ph.EP",
 keywords = {extrasolar planets, astrobiology  },
     year = 2013,
    month = nov,
   volume = 110,
    pages = {19273-19278},
   adsurl = {http://adsabs.harvard.edu/abs/2013PNAS..11019273P},
  adsnote = {Provided by the SAO/NASA Astrophysics Data System}
}

@ARTICLE{pepe2013,
   author = {{Pepe}, F. and {Cameron}, A.~C. and {Latham}, D.~W. and {Molinari}, E. and 
	{Udry}, S. and {Bonomo}, A.~S. and {Buchhave}, L.~A. and {Charbonneau}, D. and 
	{Cosentino}, R. and {Dressing}, C.~D. and {Dumusque}, X. and 
	{Figueira}, P. and {Fiorenzano}, A.~F.~M. and {Gettel}, S. and 
	{Harutyunyan}, A. and {Haywood}, R.~D. and {Horne}, K. and {Lopez-Morales}, M. and 
	{Lovis}, C. and {Malavolta}, L. and {Mayor}, M. and {Micela}, G. and 
	{Motalebi}, F. and {Nascimbeni}, V. and {Phillips}, D. and {Piotto}, G. and 
	{Pollacco}, D. and {Queloz}, D. and {Rice}, K. and {Sasselov}, D. and 
	{S{\'e}gransan}, D. and {Sozzetti}, A. and {Szentgyorgyi}, A. and 
	{Watson}, C.~A.},
    title = "{An Earth-sized planet with an Earth-like density}",
  journal = {\nat},
archivePrefix = "arXiv",
   eprint = {1310.7987},
 primaryClass = "astro-ph.EP",
     year = 2013,
    month = nov,
   volume = 503,
    pages = {377-380},
      doi = {10.1038/nature12768},
   adsurl = {http://adsabs.harvard.edu/abs/2013Natur.503..377P},
  adsnote = {Provided by the SAO/NASA Astrophysics Data System}
}

@ARTICLE{queloz2009,
   author = {{Queloz}, D. and {Bouchy}, F. and {Moutou}, C. and {Hatzes}, A. and 
	{H{\'e}brard}, G. and {Alonso}, R. and {Auvergne}, M. and {Baglin}, A. and 
	{Barbieri}, M. and {Barge}, P. and {Benz}, W. and {Bord{\'e}}, P. and 
	{Deeg}, H.~J. and {Deleuil}, M. and {Dvorak}, R. and {Erikson}, A. and 
	{Ferraz Mello}, S. and {Fridlund}, M. and {Gandolfi}, D. and 
	{Gillon}, M. and {Guenther}, E. and {Guillot}, T. and {Jorda}, L. and 
	{Hartmann}, M. and {Lammer}, H. and {L{\'e}ger}, A. and {Llebaria}, A. and 
	{Lovis}, C. and {Magain}, P. and {Mayor}, M. and {Mazeh}, T. and 
	{Ollivier}, M. and {P{\"a}tzold}, M. and {Pepe}, F. and {Rauer}, H. and 
	{Rouan}, D. and {Schneider}, J. and {Segransan}, D. and {Udry}, S. and 
	{Wuchterl}, G.},
    title = "{The CoRoT-7 planetary system: two orbiting super-Earths}",
  journal = {\aap},
 keywords = {stars: planetary systems, techniques: radial velocities, techniques: photometric, stars: activity, stars: starspots},
     year = 2009,
    month = oct,
   volume = 506,
    pages = {303-319},
      doi = {10.1051/0004-6361/200913096},
   adsurl = {http://adsabs.harvard.edu/abs/2009A%26A...506..303Q},
  adsnote = {Provided by the SAO/NASA Astrophysics Data System}
}

@ARTICLE{reduce2002,
   author = {{Piskunov}, N.~E. and {Valenti}, J.~A.},
    title = "{New algorithms for reducing cross-dispersed echelle spectra}",
  journal = {\aap},
 keywords = {INSTRUMENTATION: SPECTROGRAPHS, METHODS: DATA ANALYSIS, TECHNIQUES: SPECTROSCOPIC},
     year = 2002,
    month = apr,
   volume = 385,
    pages = {1095-1106},
      doi = {10.1051/0004-6361:20020175},
   adsurl = {http://adsabs.harvard.edu/abs/2002A%26A...385.1095P},
  adsnote = {Provided by the SAO/NASA Astrophysics Data System}
}

@ARTICLE{rajpaul2015a,
   author = {{Rajpaul}, V. and {Aigrain}, S. and {Osborne}, M.~A. and {Reece}, S. and 
	{Roberts}, S.},
    title = "{A Gaussian process framework for modelling stellar activity signals in radial velocity data}",
  journal = {\mnras},
archivePrefix = "arXiv",
   eprint = {1506.07304},
 primaryClass = "astro-ph.EP",
 keywords = {methods: data analysis, techniques: radial velocities, stars: activity, stars: individual: Alpha Centauri B, stars: individual: Gliese 15 A, planetary systems},
     year = 2015,
    month = sep,
   volume = 452,
    pages = {2269-2291},
      doi = {10.1093/mnras/stv1428},
   adsurl = {http://adsabs.harvard.edu/abs/2015MNRAS.452.2269R},
  adsnote = {Provided by the SAO/NASA Astrophysics Data System}
}

@ARTICLE{rajpaul2015b,
   author = {{Rajpaul}, V. and {Aigrain}, S. and {Roberts}, S.~J.},
    title = "{Ghost in the time series: no planet for Alpha Cen B}",
  journal = {ArXiv e-prints},
archivePrefix = "arXiv",
   eprint = {1510.05598},
 primaryClass = "astro-ph.EP",
 keywords = {Astrophysics - Earth and Planetary Astrophysics, Astrophysics - Instrumentation and Methods for Astrophysics},
     year = 2015,
    month = oct,
   adsurl = {http://adsabs.harvard.edu/abs/2015arXiv151005598R},
  adsnote = {Provided by the SAO/NASA Astrophysics Data System}
}

@ARTICLE{rivera2005,
   author = {{Rivera}, E.~J. and {Lissauer}, J.~J. and {Butler}, R.~P. and 
	{Marcy}, G.~W. and {Vogt}, S.~S. and {Fischer}, D.~A. and {Brown}, T.~M. and 
	{Laughlin}, G. and {Henry}, G.~W.},
    title = "{A \~{}7.5 M$_{⊕}$ Planet Orbiting the Nearby Star, GJ 876}",
  journal = {\apj},
   eprint = {astro-ph/0510508},
 keywords = {Stars: Planetary Systems, Planets and Satellites: General, Stars: Individual: Alphanumeric: GJ 876},
     year = 2005,
    month = nov,
   volume = 634,
    pages = {625-640},
      doi = {10.1086/491669},
   adsurl = {http://adsabs.harvard.edu/abs/2005ApJ...634..625R},
  adsnote = {Provided by the SAO/NASA Astrophysics Data System}
}

@ARTICLE{rivera2010,
   author = {{Rivera}, E.~J. and {Laughlin}, G. and {Butler}, R.~P. and {Vogt}, S.~S. and 
	{Haghighipour}, N. and {Meschiari}, S.},
    title = "{The Lick-Carnegie Exoplanet Survey: a Uranus-Mass Fourth Planet for GJ 876 in an Extrasolar Laplace Configuration}",
  journal = {\apj},
archivePrefix = "arXiv",
   eprint = {1006.4244},
 primaryClass = "astro-ph.EP",
 keywords = {planetary systems, planets and satellites: general, stars: individual: GJ 876},
     year = 2010,
    month = aug,
   volume = 719,
    pages = {890-899},
      doi = {10.1088/0004-637X/719/1/890},
   adsurl = {http://adsabs.harvard.edu/abs/2010ApJ...719..890R},
  adsnote = {Provided by the SAO/NASA Astrophysics Data System}
}

@ARTICLE{rogers2015,
   author = {{Rogers}, L.~A.},
    title = "{Most 1.6 Earth-radius Planets are Not Rocky}",
  journal = {\apj},
archivePrefix = "arXiv",
   eprint = {1407.4457},
 primaryClass = "astro-ph.EP",
 keywords = {methods: data analysis, methods: statistical, planetary systems, planets and satellites: composition, techniques: photometric, techniques: radial velocities},
     year = 2015,
    month = mar,
   volume = 801,
      eid = {41},
    pages = {41},
      doi = {10.1088/0004-637X/801/1/41},
   adsurl = {http://adsabs.harvard.edu/abs/2015ApJ...801...41R},
  adsnote = {Provided by the SAO/NASA Astrophysics Data System}
}

@ARTICLE{robertson2013,
   author = {{Robertson}, P. and {Endl}, M. and {Cochran}, W.~D. and {Dodson-Robinson}, S.~E.
	},
    title = "{H{$\alpha$} Activity of Old M Dwarfs: Stellar Cycles and Mean Activity Levels for 93 Low-mass Stars in the Solar Neighborhood}",
  journal = {\apj},
archivePrefix = "arXiv",
   eprint = {1211.6091},
 primaryClass = "astro-ph.SR",
 keywords = {planetary systems, stars: activity, stars: kinematics and dynamics, stars: late-type, techniques: radial velocities, techniques: spectroscopic},
     year = 2013,
    month = feb,
   volume = 764,
      eid = {3},
    pages = {3},
      doi = {10.1088/0004-637X/764/1/3},
   adsurl = {http://adsabs.harvard.edu/abs/2013ApJ...764....3R},
  adsnote = {Provided by the SAO/NASA Astrophysics Data System}
}

@ARTICLE{rowe2015,
   author = {{Rowe}, J.~F. and {Coughlin}, J.~L. and {Antoci}, V. and {Barclay}, T. and 
	{Batalha}, N.~M. and {Borucki}, W.~J. and {Burke}, C.~J. and 
	{Bryson}, S.~T. and {Caldwell}, D.~A. and {Campbell}, J.~R. and 
	{Catanzarite}, J.~H. and {Christiansen}, J.~L. and {Cochran}, W. and 
	{Gilliland}, R.~L. and {Girouard}, F.~R. and {Haas}, M.~R. and 
	{He{\l}miniak}, K.~G. and {Henze}, C.~E. and {Hoffman}, K.~L. and 
	{Howell}, S.~B. and {Huber}, D. and {Hunter}, R.~C. and {Jang-Condell}, H. and 
	{Jenkins}, J.~M. and {Klaus}, T.~C. and {Latham}, D.~W. and 
	{Li}, J. and {Lissauer}, J.~J. and {McCauliff}, S.~D. and {Morris}, R.~L. and 
	{Mullally}, F. and {Ofir}, A. and {Quarles}, B. and {Quintana}, E. and 
	{Sabale}, A. and {Seader}, S. and {Shporer}, A. and {Smith}, J.~C. and 
	{Steffen}, J.~H. and {Still}, M. and {Tenenbaum}, P. and {Thompson}, S.~E. and 
	{Twicken}, J.~D. and {Van Laerhoven}, C. and {Wolfgang}, A. and 
	{Zamudio}, K.~A.},
    title = "{Planetary Candidates Observed by Kepler. V. Planet Sample from Q1-Q12 (36 Months)}",
  journal = {\apjs},
archivePrefix = "arXiv",
   eprint = {1501.07286},
 primaryClass = "astro-ph.EP",
 keywords = {catalogs, planets and satellites: fundamental parameters},
     year = 2015,
    month = mar,
   volume = 217,
      eid = {16},
    pages = {16},
      doi = {10.1088/0067-0049/217/1/16},
   adsurl = {http://adsabs.harvard.edu/abs/2015ApJS..217...16R},
  adsnote = {Provided by the SAO/NASA Astrophysics Data System}
}

@ARTICLE{minerva,
   author = {{Swift}, J.~J. and {Bottom}, M. and {Johnson}, J.~A. and {Wright}, J.~T. and 
	{McCrady}, N. and {Wittenmyer}, R.~A. and {Plavchan}, P. and 
	{Riddle}, R. and {Muirhead}, P.~S. and {Herzig}, E. and {Myles}, J. and 
	{Blake}, C.~H. and {Eastman}, J. and {Beatty}, T.~G. and {Barnes}, S.~I. and 
	{Gibson}, S.~R. and {Lin}, B. and {Zhao}, M. and {Gardner}, P. and 
	{Falco}, E. and {Criswell}, S. and {Nava}, C. and {Robinson}, C. and 
	{Sliski}, D.~H. and {Hedrick}, R. and {Ivarsen}, K. and {Hjelstrom}, A. and 
	{de Vera}, J. and {Szentgyorgyi}, A.},
    title = "{Miniature Exoplanet Radial Velocity Array (MINERVA) I. Design, Commissioning, and First Science Results}",
  journal = {Journal of Astronomical Telescopes, Instruments, and Systems},
archivePrefix = "arXiv",
   eprint = {1411.3724},
 primaryClass = "astro-ph.IM",
     year = 2015,
    month = apr,
   volume = 1,
   number = 2,
      eid = {027002},
    pages = {027002},
      doi = {10.1117/1.JATIS.1.2.027002},
   adsurl = {http://adsabs.harvard.edu/abs/2015JATIS...1b7002S},
  adsnote = {Provided by the SAO/NASA Astrophysics Data System}
}

@ARTICLE{sullivan2015,
   author = {{Sullivan}, P.~W. and {Winn}, J.~N. and {Berta-Thompson}, Z.~K. and 
	{Charbonneau}, D. and {Deming}, D. and {Dressing}, C.~D. and 
	{Latham}, D.~W. and {Levine}, A.~M. and {McCullough}, P.~R. and 
	{Morton}, T. and {Ricker}, G.~R. and {Vanderspek}, R. and {Woods}, D.
	},
    title = "{The Transiting Exoplanet Survey Satellite: Simulations of Planet Detections and Astrophysical False Positives}",
  journal = {\apj},
archivePrefix = "arXiv",
   eprint = {1506.03845},
 primaryClass = "astro-ph.EP",
 keywords = {planets and satellites: detection, space vehicles: instruments, surveys},
     year = 2015,
    month = aug,
   volume = 809,
      eid = {77},
    pages = {77},
      doi = {10.1088/0004-637X/809/1/77},
   adsurl = {http://adsabs.harvard.edu/abs/2015ApJ...809...77S},
  adsnote = {Provided by the SAO/NASA Astrophysics Data System}
}

@ARTICLE{steffen2013,
   author = {{Steffen}, J.~H. and {Fabrycky}, D.~C. and {Agol}, E. and {Ford}, E.~B. and 
	{Morehead}, R.~C. and {Cochran}, W.~D. and {Lissauer}, J.~J. and 
	{Adams}, E.~R. and {Borucki}, W.~J. and {Bryson}, S. and {Caldwell}, D.~A. and 
	{Dupree}, A. and {Jenkins}, J.~M. and {Robertson}, P. and {Rowe}, J.~F. and 
	{Seader}, S. and {Thompson}, S. and {Twicken}, J.~D.},
    title = "{Transit timing observations from Kepler - VII. Confirmation of 27 planets in 13 multiplanet systems via transit timing variations and orbital stability}",
  journal = {\mnras},
archivePrefix = "arXiv",
   eprint = {1208.3499},
 primaryClass = "astro-ph.EP",
 keywords = {methods: data analysis, techniques: photometric, celestial mechanics},
     year = 2013,
    month = jan,
   volume = 428,
    pages = {1077-1087},
      doi = {10.1093/mnras/sts090},
   adsurl = {http://adsabs.harvard.edu/abs/2013MNRAS.428.1077S},
  adsnote = {Provided by the SAO/NASA Astrophysics Data System}
}

@ARTICLE{chiron2013,
   author = {{Tokovinin}, A. and {Fischer}, D.~A. and {Bonati}, M. and {Giguere}, M.~J. and 
	{Moore}, P. and {Schwab}, C. and {Spronck}, J.~F.~P. and {Szymkowiak}, A.
	},
    title = "{CHIRON - A Fiber Fed Spectrometer for Precise Radial Velocities}",
  journal = {\pasp},
archivePrefix = "arXiv",
   eprint = {1309.3971},
 primaryClass = "astro-ph.IM",
 keywords = {Astronomical Instrumentation},
     year = 2013,
    month = nov,
   volume = 125,
    pages = {1336-1347},
      doi = {10.1086/674012},
   adsurl = {http://adsabs.harvard.edu/abs/2013PASP..125.1336T},
  adsnote = {Provided by the SAO/NASA Astrophysics Data System}
}

@ARTICLE{tuomi2013,
   author = {{Tuomi}, M. and {Jones}, H.~R.~A. and {Jenkins}, J.~S. and {Tinney}, C.~G. and 
	{Butler}, R.~P. and {Vogt}, S.~S. and {Barnes}, J.~R. and {Wittenmyer}, R.~A. and 
	{O'Toole}, S. and {Horner}, J. and {Bailey}, J. and {Carter}, B.~D. and 
	{Wright}, D.~J. and {Salter}, G.~S. and {Pinfield}, D.},
    title = "{Signals embedded in the radial velocity noise. Periodic variations in the {$\tau$} Ceti velocities}",
  journal = {\aap},
archivePrefix = "arXiv",
   eprint = {1212.4277},
 primaryClass = "astro-ph.EP",
 keywords = {methods: statistical, methods: numerical, techniques: radial velocities, stars: individual: HD 10700},
     year = 2013,
    month = mar,
   volume = 551,
      eid = {A79},
    pages = {A79},
      doi = {10.1051/0004-6361/201220509},
   adsurl = {http://adsabs.harvard.edu/abs/2013A%26A...551A..79T},
  adsnote = {Provided by the SAO/NASA Astrophysics Data System}
}

@ARTICLE{vogt2010,
   author = {{Vogt}, S.~S. and {Butler}, R.~P. and {Rivera}, E.~J. and {Haghighipour}, N. and 
	{Henry}, G.~W. and {Williamson}, M.~H.},
    title = "{The Lick-Carnegie Exoplanet Survey: A 3.1 M $_{⊕}$ Planet in the Habitable Zone of the Nearby M3V Star Gliese 581}",
  journal = {\apj},
archivePrefix = "arXiv",
   eprint = {1009.5733},
 primaryClass = "astro-ph.EP",
 keywords = {astrobiology, planetary systems, stars: individual: GJ 581 HIP 74995},
     year = 2010,
    month = nov,
   volume = 723,
    pages = {954-965},
      doi = {10.1088/0004-637X/723/1/954},
   adsurl = {http://adsabs.harvard.edu/abs/2010ApJ...723..954V},
  adsnote = {Provided by the SAO/NASA Astrophysics Data System}
}

@ARTICLE{vogt2012,
   author = {{Vogt}, S.~S. and {Butler}, R.~P. and {Haghighipour}, N.},
    title = "{GJ 581 update: Additional evidence for a Super-Earth in the habitable zone}",
  journal = {Astronomische Nachrichten},
archivePrefix = "arXiv",
   eprint = {1207.4515},
 primaryClass = "astro-ph.EP",
 keywords = {methods: numerical, planetary systems -stars: individual (GJ 581, HIP 74995), techniques: radial velocities},
     year = 2012,
    month = aug,
   volume = 333,
    pages = {561},
      doi = {10.1002/asna.201211707},
   adsurl = {http://adsabs.harvard.edu/abs/2012AN....333..561V},
  adsnote = {Provided by the SAO/NASA Astrophysics Data System}
}

@INPROCEEDINGS{wang2011,
   author = {{Wang}, Sharon X. and {Wright}, J.~T.},
    title = "{Improving the RV Precision of HET/HRS}",
booktitle = {AAS Meeting Abstracts},
   volume = 218,
     year = 2011,
    month = may,
    pages = {128.06},
   adsurl = {http://adsabs.harvard.edu/abs/2011AAS...21812806W},
  adsnote = {Provided by the SAO/NASA Astrophysics Data System}
}

@ARTICLE{wang2012,
   author = {{Wang}, Sharon, X. and {Wright}, J.~T. and {Cochran}, W. and 
	{Kane}, S.~R. and {Henry}, G.~W. and {Payne}, M.~J. and {Endl}, M. and 
	{MacQueen}, P.~J. and {Valenti}, J.~A. and {Antoci}, V. and 
	{Dragomir}, D. and {Matthews}, J.~M. and {Howard}, A.~W. and 
	{Marcy}, G.~W. and {Isaacson}, H. and {Ford}, E.~B. and {Mahadevan}, S. and 
	{von Braun}, K.},
    title = "{The Discovery of HD 37605c and a Dispositive Null Detection of Transits of HD 37605b}",
  journal = {\apj},
archivePrefix = "arXiv",
   eprint = {1210.6985},
 primaryClass = "astro-ph.EP",
 keywords = {planetary systems, stars: individual: HD 37605},
     year = 2012,
    month = dec,
   volume = 761,
      eid = {46},
    pages = {46},
      doi = {10.1088/0004-637X/761/1/46},
   adsurl = {http://adsabs.harvard.edu/abs/2012ApJ...761...46W},
  adsnote = {Provided by the SAO/NASA Astrophysics Data System}
}

@ARTICLE{weiss2014,
   author = {{Weiss}, L.~M. and {Marcy}, G.~W.},
    title = "{The Mass-Radius Relation for 65 Exoplanets Smaller than 4 Earth Radii}",
  journal = {\apjl},
archivePrefix = "arXiv",
   eprint = {1312.0936},
 primaryClass = "astro-ph.EP",
 keywords = {planets and satellites: composition, planets and satellites: fundamental parameters, planets and satellites: gaseous planets, planets and satellites: general, planets and satellites: terrestrial planets},
     year = 2014,
    month = mar,
   volume = 783,
      eid = {L6},
    pages = {L6},
      doi = {10.1088/2041-8205/783/1/L6},
   adsurl = {http://adsabs.harvard.edu/abs/2014ApJ...783L...6W},
  adsnote = {Provided by the SAO/NASA Astrophysics Data System}
}

@ARTICLE{wetherill1994,
   author = {{Wetherill}, G.~W.},
    title = "{Possible consequences of absence of Jupiters in planetary systems}",
  journal = {\apss},
 keywords = {COMETS, GAS GIANT PLANETS, PLANETARY EVOLUTION, SOLAR SYSTEM EVOLUTION, COMETARY COLLISIONS, MONTE CARLO METHOD, PLANETARY ORBITS},
     year = 1994,
    month = feb,
   volume = 212,
    pages = {23-32},
      doi = {10.1007/BF00984505},
   adsurl = {http://adsabs.harvard.edu/abs/1994Ap%26SS.212...23W},
  adsnote = {Provided by the SAO/NASA Astrophysics Data System}
}

@ARTICLE{wittenmyer2009,
   author = {{Wittenmyer}, R.~A. and {Endl}, M. and {Cochran}, W.~D. and 
	{Levison}, H.~F. and {Henry}, G.~W.},
    title = "{A Search for Multi-Planet Systems Using the Hobby-Eberly Telescope}",
  journal = {\apjs},
archivePrefix = "arXiv",
   eprint = {0903.0652},
 primaryClass = "astro-ph.EP",
 keywords = {methods: N-body simulations, planetary systems, techniques: radial velocities},
     year = 2009,
    month = may,
   volume = 182,
    pages = {97-119},
      doi = {10.1088/0067-0049/182/1/97},
   adsurl = {http://adsabs.harvard.edu/abs/2009ApJS..182...97W},
  adsnote = {Provided by the SAO/NASA Astrophysics Data System}
}

@ARTICLE{wolfgang2015a,
   author = {{Wolfgang}, A. and {Lopez}, E.},
    title = "{How Rocky Are They? The Composition Distribution of Kepler's Sub-Neptune Planet Candidates within 0.15 AU}",
  journal = {\apj},
archivePrefix = "arXiv",
   eprint = {1409.2982},
 primaryClass = "astro-ph.EP",
 keywords = {methods: statistical, planets and satellites: composition},
     year = 2015,
    month = jun,
   volume = 806,
      eid = {183},
    pages = {183},
      doi = {10.1088/0004-637X/806/2/183},
   adsurl = {http://adsabs.harvard.edu/abs/2015ApJ...806..183W},
  adsnote = {Provided by the SAO/NASA Astrophysics Data System}
}

@ARTICLE{wolfgang2015b,
   author = {{Wolfgang}, A. and {Rogers}, L.~A. and {Ford}, E.~B.},
    title = "{Probabilistic Mass-Radius Relationship for Sub-Neptune-Sized Planets}",
  journal = {ArXiv e-prints},
archivePrefix = "arXiv",
   eprint = {1504.07557},
 primaryClass = "astro-ph.EP",
 keywords = {Astrophysics - Earth and Planetary Astrophysics},
     year = 2015,
    month = apr,
   adsurl = {http://adsabs.harvard.edu/abs/2015arXiv150407557W},
  adsnote = {Provided by the SAO/NASA Astrophysics Data System}
}

@ARTICLE{wright2009,
   author = {{Wright}, J.~T. and {Upadhyay}, S. and {Marcy}, G.~W. and {Fischer}, D.~A. and 
	{Ford}, E.~B. and {Johnson}, J.~A.},
    title = "{Ten New and Updated Multiplanet Systems and a Survey of Exoplanetary Systems}",
  journal = {\apj},
archivePrefix = "arXiv",
   eprint = {0812.1582},
 keywords = {planetary systems},
     year = 2009,
    month = mar,
   volume = 693,
    pages = {1084-1099},
      doi = {10.1088/0004-637X/693/2/1084},
   adsurl = {http://adsabs.harvard.edu/abs/2009ApJ...693.1084W},
  adsnote = {Provided by the SAO/NASA Astrophysics Data System}
}

@ARTICLE{wright2011,
   author = {{Wright}, J.~T. and {Fakhouri}, O. and {Marcy}, G.~W. and {Han}, E. and 
	{Feng}, Y. and {Johnson}, J.~A. and {Howard}, A.~W. and {Fischer}, D.~A. and 
	{Valenti}, J.~A. and {Anderson}, J. and {Piskunov}, N.},
    title = "{The Exoplanet Orbit Database}",
  journal = {\pasp},
archivePrefix = "arXiv",
   eprint = {1012.5676},
 primaryClass = "astro-ph.SR",
 keywords = {Extrasolar Planets},
     year = 2011,
    month = apr,
   volume = 123,
    pages = {412-422},
      doi = {10.1086/659427},
   adsurl = {http://adsabs.harvard.edu/abs/2011PASP..123..412W},
  adsnote = {Provided by the SAO/NASA Astrophysics Data System}
}

@ARTICLE{wright2013,
   author = {{Wright}, J.~T. and {Roy}, A. and {Mahadevan}, S. and {Wang}, S.~X. and 
	{Ford}, E.~B. and {Payne}, M. and {Lee}, B.~L. and {Wang}, J. and 
	{Crepp}, J.~R. and {Gaudi}, B.~S. and {Eastman}, J. and {Pepper}, J. and 
	{Ge}, J. and {Fleming}, S.~W. and {Ghezzi}, L. and {Gonz{\'a}lez-Hern{\'a}ndez}, J.~I. and 
	{Cargile}, P. and {Stassun}, K.~G. and {Wisniewski}, J. and 
	{Dutra-Ferreira}, L. and {Porto de Mello}, G.~F. and {Maia}, M.~A.~G. and 
	{Nicolaci da Costa}, L. and {Ogando}, R.~L.~C. and {Santiago}, B.~X. and 
	{Schneider}, D.~P. and {Hearty}, F.~R.},
    title = "{MARVELS-1: A Face-on Double-lined Binary Star Masquerading as a Resonant Planetary System and Consideration of Rare False Positives in Radial Velocity Planet Searches}",
  journal = {\apj},
archivePrefix = "arXiv",
   eprint = {1305.0280},
 primaryClass = "astro-ph.SR",
 keywords = {binaries: spectroscopic, brown dwarfs, stars: individual: TYC 1240-945-1, stars: low-mass},
     year = 2013,
    month = jun,
   volume = 770,
      eid = {119},
    pages = {119},
      doi = {10.1088/0004-637X/770/2/119},
   adsurl = {http://adsabs.harvard.edu/abs/2013ApJ...770..119W},
  adsnote = {Provided by the SAO/NASA Astrophysics Data System}
}

@ARTICLE{wu2013,
   author = {{Wu}, Y. and {Lithwick}, Y.},
    title = "{Density and Eccentricity of Kepler Planets}",
  journal = {\apj},
archivePrefix = "arXiv",
   eprint = {1210.7810},
 primaryClass = "astro-ph.EP",
 keywords = {planets and satellites: composition, planets and satellites: dynamical evolution and stability, planets and satellites: formation},
     year = 2013,
    month = jul,
   volume = 772,
      eid = {74},
    pages = {74},
      doi = {10.1088/0004-637X/772/1/74},
   adsurl = {http://adsabs.harvard.edu/abs/2013ApJ...772...74W},
  adsnote = {Provided by the SAO/NASA Astrophysics Data System}
}

@ARTICLE{xie2013,
   author = {{Xie}, J.-W.},
    title = "{Transit Timing Variation of Near-resonance Planetary Pairs: Confirmation of 12 Multiple-planet Systems}",
  journal = {\apjs},
archivePrefix = "arXiv",
   eprint = {1208.3312},
 primaryClass = "astro-ph.EP",
 keywords = {planetary systems, planets and satellites: detection, planets and satellites: dynamical evolution and stability },
     year = 2013,
    month = oct,
   volume = 208,
      eid = {22},
    pages = {22},
      doi = {10.1088/0067-0049/208/2/22},
   adsurl = {http://adsabs.harvard.edu/abs/2013ApJS..208...22X},
  adsnote = {Provided by the SAO/NASA Astrophysics Data System}
}


@ARTICLE{michelson1887,
   author = {{Michelson}, A.~A. AND {Morley}, E.},
   title = "{On the Relative Motion of the Earth and the Luminiferous Ether}",
   journal = {American Journal of Science},
     year = 1887,
   volume = 34,
    pages = {333-345}
}
   
@ARTICLE{2002ApJ...580L.171M,
   author = {{Mandel}, K. and {Agol}, E.},
    title = "{Analytic Light Curves for Planetary Transit Searches}",
  journal = {\apjl},
   eprint = {arXiv:astro-ph/0210099},
 keywords = {Stars: Binaries: Eclipsing, Eclipses, Occultations, Stars: Planetary Systems},
     year = 2002,
    month = dec,
   volume = 580,
    pages = {L171-L175},
      doi = {10.1086/345520},
   adsurl = {http://adsabs.harvard.edu/abs/2002ApJ...580L.171M},
  adsnote = {Provided by the SAO/NASA Astrophysics Data System}
}

@ARTICLE{1993Icar..106..247G,
   author = {{Gladman}, B.},
    title = "{Dynamics of systems of two close planets}",
  journal = {Icarus},
 keywords = {PROTOPLANETS, PLANETARY EVOLUTION, PLANETARY MASS, ECCENTRIC ORBITS, CHAOS, EMBRYOS, SOLAR SYSTEM, PULSARS},
     year = 1993,
    month = nov,
   volume = 106,
    pages = {247},
      doi = {10.1006/icar.1993.1169},
   adsurl = {http://adsabs.harvard.edu/abs/1993Icar..106..247G},
  adsnote = {Provided by the SAO/NASA Astrophysics Data System}
}

@ARTICLE{2004ApJS..155..667D,
   author = {{Demarque}, P. and {Woo}, J.-H. and {Kim}, Y.-C. and {Yi}, S.~K.
	},
    title = "{Y$^{2}$ Isochrones with an Improved Core Overshoot Treatment}",
  journal = {\apjs},
 keywords = {Convection, Stars: Evolution, Stars: Interiors},
     year = 2004,
    month = dec,
   volume = 155,
    pages = {667-674},
      doi = {10.1086/424966},
   adsurl = {http://adsabs.harvard.edu/abs/2004ApJS..155..667D},
  adsnote = {Provided by the SAO/NASA Astrophysics Data System}
}


@ARTICLE{2011A&A...535A..55D,
   author = {{Dumusque}, X. and {Lovis}, C. and {S{\'e}gransan}, D. and {Mayor}, M. and 
	{Udry}, S. and {Benz}, W. and {Bouchy}, F. and {Lo Curto}, G. and 
	{Mordasini}, C. and {Pepe}, F. and {Queloz}, D. and {Santos}, N.~C. and 
	{Naef}, D.},
    title = "{The HARPS search for southern extra-solar planets. XXX. Planetary systems around stars with solar-like magnetic cycles and short-term activity variation}",
  journal = {\aap},
archivePrefix = "arXiv",
   eprint = {1107.1748},
 primaryClass = "astro-ph.EP",
 keywords = {planetary systems, techniques: radial velocities, stars: individual: HD 7199, stars: individual: HD 7449, stars: individual: HD 137388, stars: individual: HD 204941},
     year = 2011,
    month = nov,
   volume = 535,
      eid = {A55},
    pages = {A55},
      doi = {10.1051/0004-6361/201117148},
   adsurl = {http://adsabs.harvard.edu/abs/2011A%26A...535A..55D},
  adsnote = {Provided by the SAO/NASA Astrophysics Data System}
}


@ARTICLE{1995ApJ...438..269B,
   author = {{Baliunas}, S.~L. and {Donahue}, R.~A. and {Soon}, W.~H. and 
	{Horne}, J.~H. and {Frazer}, J. and {Woodard-Eklund}, L. and 
	{Bradford}, M. and {Rao}, L.~M. and {Wilson}, O.~C. and {Zhang}, Q. and 
	{Bennett}, W. and {Briggs}, J. and {Carroll}, S.~M. and {Duncan}, D.~K. and 
	{Figueroa}, D. and {Lanning}, H.~H. and {Misch}, T. and {Mueller}, J. and 
	{Noyes}, R.~W. and {Poppe}, D. and {Porter}, A.~C. and {Robinson}, C.~R. and 
	{Russell}, J. and {Shelton}, J.~C. and {Soyumer}, T. and {Vaughan}, A.~H. and 
	{Whitney}, J.~H.},
    title = "{Chromospheric variations in main-sequence stars}",
  journal = {\apj},
 keywords = {CHROMOSPHERE, EMISSION SPECTRA, MAIN SEQUENCE STARS, STELLAR ACTIVITY, STELLAR EVOLUTION, VARIATIONS, CALCIUM, FLUX DENSITY, H LINES, K LINES, STELLAR MAGNETIC FIELDS, STELLAR ROTATION},
     year = 1995,
    month = jan,
   volume = 438,
    pages = {269-287},
      doi = {10.1086/175072},
   adsurl = {http://adsabs.harvard.edu/abs/1995ApJ...438..269B},
  adsnote = {Provided by the SAO/NASA Astrophysics Data System}
}

@ARTICLE{2008ApJ...683L..63W,
   author = {{Wright}, J.~T. and {Marcy}, G.~W. and {Butler}, R.~P. and {Vogt}, S.~S. and 
	{Henry}, G.~W. and {Isaacson}, H. and {Howard}, A.~W.},
    title = "{The Jupiter Twin HD 154345b}",
  journal = {\apjl},
archivePrefix = "arXiv",
   eprint = {0802.1731},
 keywords = {Stars: Planetary Systems, Techniques: Radial Velocities},
     year = 2008,
    month = aug,
   volume = 683,
    pages = {L63-L66},
      doi = {10.1086/587461},
   adsurl = {http://adsabs.harvard.edu/abs/2008ApJ...683L..63W},
  adsnote = {Provided by the SAO/NASA Astrophysics Data System}
}

@ARTICLE{2011A&A...528A.112L,
   author = {{Lovis}, C. and {S{\'e}gransan}, D. and {Mayor}, M. and {Udry}, S. and 
	{Benz}, W. and {Bertaux}, J.-L. and {Bouchy}, F. and {Correia}, A.~C.~M. and 
	{Laskar}, J. and {Lo Curto}, G. and {Mordasini}, C. and {Pepe}, F. and 
	{Queloz}, D. and {Santos}, N.~C.},
    title = "{The HARPS search for southern extra-solar planets. XXVIII. Up to seven planets orbiting HD 10180: probing the architecture of low-mass planetary systems}",
  journal = {\aap},
archivePrefix = "arXiv",
   eprint = {1011.4994},
 primaryClass = "astro-ph.EP",
 keywords = {planets and satellites: detection, stars: individual: HD 10180, techniques: radial velocities, techniques: spectroscopic},
     year = 2011,
    month = apr,
   volume = 528,
      eid = {A112},
    pages = {A112},
      doi = {10.1051/0004-6361/201015577},
   adsurl = {http://adsabs.harvard.edu/abs/2011A%26A...528A.112L},
  adsnote = {Provided by the SAO/NASA Astrophysics Data System}
}

@ARTICLE{1987ApJ...316..771D,
   author = {{Deming}, D. and {Espenak}, F. and {Jennings}, D.~E. and {Brault}, J.~W. and 
	{Wagner}, J.},
    title = "{On the apparent velocity of integrated sunlight. I - 1983-1985}",
  journal = {\apj},
 keywords = {INFRARED SPECTRA, RADIAL VELOCITY, SOLAR SPECTRA, SUNLIGHT, CARBON MONOXIDE, INFRARED SPECTROSCOPY, INTERFEROMETRY, METHANE, SOLAR WIND VELOCITY},
     year = 1987,
    month = may,
   volume = 316,
    pages = {771-787},
      doi = {10.1086/165242},
   adsurl = {http://adsabs.harvard.edu/abs/1987ApJ...316..771D},
  adsnote = {Provided by the SAO/NASA Astrophysics Data System}
}


@INPROCEEDINGS{1985srv..conf..311D,
   author = {{Dravins}, D.},
    title = "{Stellar lineshifts induced by photospheric convection.}",
 keywords = {Convection:Stellar Atmospheres, Line Formation:Stellar Atmospheres, Radial Velocities:Stellar Spectra, Stellar Atmospheres:Convection, Stellar Atmospheres:Line Formation, Stellar Spectra:Radial Velocities},
booktitle = {Stellar Radial Velocities},
     year = 1985,
   editor = {{Philip}, A.~G.~D. and {Latham}, D.~W.},
    pages = {311-320},
   adsurl = {http://adsabs.harvard.edu/abs/1985srv..conf..311D},
  adsnote = {Provided by the SAO/NASA Astrophysics Data System}
}

@INPROCEEDINGS{1991LNP...390...19C,
   author = {{Campbell}, B. and {Yang}, S. and {Irwin}, A.~W. and {Walker}, G.~A.~H.
	},
    title = "{Towards an Estimate of the Fraction of Stars with Planets from Velocities of High Precision}",
booktitle = {Bioastronomy: The Search for Extraterrestial Life --- The Exploration Broadens},
     year = 1991,
   series = {Lecture Notes in Physics, Berlin Springer Verlag},
   volume = 390,
   editor = {{Heidmann}, J. and {Klein}, M.~J.},
    pages = {19-20},
      doi = {10.1007/3-540-54752-5_180},
   adsurl = {http://adsabs.harvard.edu/abs/1991LNP...390...19C},
  adsnote = {Provided by the SAO/NASA Astrophysics Data System}
}

@ARTICLE{2012arXiv1205.5835B,
   author = {{Boisse}, I. and {Pepe}, F. and {Perrier}, C. and {Queloz}, D. and 
	{Bonfils}, X. and {Bouchy}, F. and {Santos}, N.~C. and {Arnold}, L. and 
	{Beuzit}, J.-L. and {D{\`i}az}, R.~F. and {Delfosse}, X. and 
	{Eggenberger}, A. and {Ehrenreich}, D. and {Forveille}, T. and 
	{H{\'e}brard}, G. and {Lagrange}, A.-M. and {Lovis}, C. and 
	{Mayor}, M. and {Moutou}, C. and {Naef}, D. and {Santerne}, A. and 
	{S{\'e}gransan}, D. and {Sivan}, J.-P. and {Udry}, S.},
    title = "{The SOPHIE search for northern extrasolar planets. V. Follow-up of ELODIE candidates: Jupiter-analogues around Sun-like stars}",
  journal = {ArXiv e-prints},
archivePrefix = "arXiv",
   eprint = {1205.5835},
 primaryClass = "astro-ph.EP",
 keywords = {Astrophysics - Earth and Planetary Astrophysics, Astrophysics - Solar and Stellar Astrophysics},
     year = 2012,
    month = may,
   adsurl = {http://adsabs.harvard.edu/abs/2012arXiv1205.5835B},
  adsnote = {Provided by the SAO/NASA Astrophysics Data System}
}

@ARTICLE{2012arXiv1205.2765W,
   author = {{Wittenmyer}, R.~A. and {Horner}, J. and {Tuomi}, M. and {Salter}, G.~S. and 
	{Tinney}, C.~G. and {Butler}, R.~P. and {Jones}, H.~R.~A. and 
	{O'Toole}, S.~J. and {Bailey}, J. and {Carter}, B.~D. and {Jenkins}, J.~S. and 
	{Zhang}, Z. and {Vogt}, S.~S. and {Rivera}, E.~J.},
    title = "{The Anglo-Australian Planet Search. XXII. Two New Multi-Planet Systems}",
  journal = {ArXiv e-prints},
archivePrefix = "arXiv",
   eprint = {1205.2765},
 primaryClass = "astro-ph.EP",
 keywords = {Astrophysics - Earth and Planetary Astrophysics},
     year = 2012,
    month = may,
   adsurl = {http://adsabs.harvard.edu/abs/2012arXiv1205.2765W},
  adsnote = {Provided by the SAO/NASA Astrophysics Data System}
}


@INPROCEEDINGS{terms2012aas,
   author = {{Kane}, S.~R. and {Ephemeris Refinement}, T. and {Survey(TERMS)}, M.
	},
    title = "{The TERMS Project: More Than Just Transit Exclusion}",
booktitle = {American Astronomical Society Meeting Abstracts},
     year = 2012,
   series = {American Astronomical Society Meeting Abstracts},
   volume = 219,
    month = jan,
    pages = {\#228.07},
   adsurl = {http://adsabs.harvard.edu/abs/2012AAS...21922807K},
  adsnote = {Provided by the SAO/NASA Astrophysics Data System}
}


@INPROCEEDINGS{terms2011aas,
   author = {{Kane}, S.~R. and {Ciardi}, D. and {Dragomir}, D. and {Fischer}, D. and 
	{Henry}, G. and {Howard}, A. and {Jensen}, E. and {Laughlin}, G. and 
	{Mahadevan}, S. and {Pilyavsky}, G. and {von Braun}, K. and 
	{Wright}, J.},
    title = "{Improving Transit Predictions of Known Exoplanets with TERMS}",
booktitle = {American Astronomical Society Meeting Abstracts},
     year = 2011,
    month = may,
    pages = {\#128.03},
   adsurl = {http://adsabs.harvard.edu/abs/2011AAS...21812803K},
  adsnote = {Provided by the SAO/NASA Astrophysics Data System}
}

@BOOK{1983ured.book.....H,
   author = {{Hoaglin}, D.~C. and {Mosteller}, F. and {Tukey}, J.~W.},
    title = "{Understanding Robust and Exploratory Data Anlysis}",
booktitle = {Wiley Series in Probability and Mathematical Statistics, New York: Wiley, 1983, edited by Hoaglin, David C.; Mosteller, Frederick; Tukey, John W.},
     year = {1983},
     isbn = {9780471097778},
     lccn = {00028322},
   series = {Wiley Classics Library Editions},
      url = {http://books.google.com/books?id=JY4\_AQAAIAAJ},
publisher = {Wiley},
   adsurl = {http://adsabs.harvard.edu/abs/1983ured.book.....H},
  adsnote = {Provided by the SAO/NASA Astrophysics Data System}
}

@ARTICLE{hetque2007,
   author = {{Shetrone}, M. and {Cornell}, M.~E. and {Fowler}, J.~R. and 
	{Gaffney}, N. and {Laws}, B. and {Mader}, J. and {Mason}, C. and 
	{Odewahn}, S. and {Roman}, B. and {Rostopchin}, S. and {Schneider}, D.~P. and 
	{Umbarger}, J. and {Westfall}, A.},
    title = "{Ten Year Review of Queue Scheduling of the Hobby-Eberly Telescope}",
  journal = {\pasp},
archivePrefix = "arXiv",
   eprint = {0705.3889},
 keywords = {Astronomical Instrumentation},
     year = 2007,
    month = may,
   volume = 119,
    pages = {556-566},
      doi = {10.1086/519291},
   adsurl = {http://adsabs.harvard.edu/abs/2007PASP..119..556S},
  adsnote = {Provided by the SAO/NASA Astrophysics Data System}
}

@ARTICLE{Bender2012,
   author = {{Bender}, C.~F. and {Mahadevan}, S. and {Deshpande}, R. and 
	{Wright}, J.~T. and {Roy}, A. and {Terrien}, R.~C. and {Sigurdsson}, S. and 
	{Ramsey}, L.~W. and {Schneider}, D.~P. and {Fleming}, S.~W.},
    title = "{The SDSS-HET Survey of Kepler Eclipsing Binaries: Spectroscopic Dynamical Masses of the Kepler-16 Circumbinary Planet Hosts}",
  journal = {\apjl},
archivePrefix = "arXiv",
   eprint = {1205.0259},
 primaryClass = "astro-ph.SR",
 keywords = {binaries: eclipsing, binaries: spectroscopic, stars: fundamental parameters, stars: individual: Kepler-16, stars: low-mass, techniques: radial velocities },
     year = 2012,
    month = jun,
   volume = 751,
      eid = {L31},
    pages = {L31},
      doi = {10.1088/2041-8205/751/2/L31},
   adsurl = {http://adsabs.harvard.edu/abs/2012ApJ...751L..31B},
  adsnote = {Provided by the SAO/NASA Astrophysics Data System}
}

@ARTICLE{Kane2009,
   author = {{Kane}, S.~R. and {Mahadevan}, S. and {von Braun}, K. and {Laughlin}, G. and 
	{Ciardi}, D.~R.},
    title = "{Refining Exoplanet Ephemerides and Transit Observing Strategies}",
  journal = {\pasp},
archivePrefix = "arXiv",
   eprint = {0910.0010},
 primaryClass = "astro-ph.EP",
 keywords = {Extrasolar Planets},
     year = 2009,
    month = dec,
   volume = 121,
    pages = {1386-1394},
      doi = {10.1086/648564},
   adsurl = {http://adsabs.harvard.edu/abs/2009PASP..121.1386K},
  adsnote = {Provided by the SAO/NASA Astrophysics Data System}
}

@ARTICLE{Kane114762,
   author = {{Kane}, S.~R. and {Henry}, G.~W. and {Dragomir}, D. and {Fischer}, D.~A. and 
	{Howard}, A.~W. and {Wang}, X. and {Wright}, J.~T.},
    title = "{Revised Orbit and Transit Exclusion for HD 114762b}",
  journal = {\apjl},
archivePrefix = "arXiv",
   eprint = {1106.1434},
 primaryClass = "astro-ph.EP",
 keywords = {planetary systems, stars: individual: HD 114762, techniques: photometric, techniques: radial velocities},
     year = 2011,
    month = jul,
   volume = 735,
      eid = {L41},
    pages = {L41},
      doi = {10.1088/2041-8205/735/2/L41},
   adsurl = {http://adsabs.harvard.edu/abs/2011ApJ...735L..41K},
  adsnote = {Provided by the SAO/NASA Astrophysics Data System}
}


@ARTICLE{Pilyavsky2011,
   author = {{Pilyavsky}, G. and {Mahadevan}, S. and {Kane}, S.~R. and {Howard}, A.~W. and 
	{Ciardi}, D.~R. and {de Pree}, C. and {Dragomir}, D. and {Fischer}, D. and 
	{Henry}, G.~W. and {Jensen}, E.~L.~N. and {Laughlin}, G. and 
	{Marlowe}, H. and {Rabus}, M. and {von Braun}, K. and {Wright}, J.~T. and 
	{Wang}, X.~X.},
    title = "{A Search for the Transit of HD 168443b: Improved Orbital Parameters and Photometry}",
  journal = {\apj},
archivePrefix = "arXiv",
   eprint = {1109.5166},
 primaryClass = "astro-ph.EP",
 keywords = {planetary systems, stars: individual: HD 168443, techniques: photometric, techniques: radial velocities },
     year = 2011,
    month = dec,
   volume = 743,
      eid = {162},
    pages = {162},
      doi = {10.1088/0004-637X/743/2/162},
   adsurl = {http://adsabs.harvard.edu/abs/2011ApJ...743..162P},
  adsnote = {Provided by the SAO/NASA Astrophysics Data System}
}



@ARTICLE{Kane63454,
   author = {{Kane}, S.~R. and {Dragomir}, D. and {Ciardi}, D.~R. and {Lee}, J.-W. and 
	{Lo Curto}, G. and {Lovis}, C. and {Naef}, D. and {Mahadevan}, S. and 
	{Pilyavsky}, G. and {Udry}, S. and {Wang}, X. and {Wright}, J.
	},
    title = "{Stellar Variability of the Exoplanet Hosting Star HD 63454}",
  journal = {\apj},
archivePrefix = "arXiv",
   eprint = {1105.6131},
 primaryClass = "astro-ph.EP",
 keywords = {planetary systems, stars: individual: HD 63454, techniques: photometric, techniques: radial velocities},
     year = 2011,
    month = aug,
   volume = 737,
      eid = {58},
    pages = {58},
      doi = {10.1088/0004-637X/737/2/58},
   adsurl = {http://adsabs.harvard.edu/abs/2011ApJ...737...58K},
  adsnote = {Provided by the SAO/NASA Astrophysics Data System}
}


@ARTICLE{1986PASP...98..609H,
   author = {{Horne}, K.},
    title = "{An optimal extraction algorithm for CCD spectroscopy}",
  journal = {\pasp},
 keywords = {ASTRONOMICAL SPECTROSCOPY, CHARGE COUPLED DEVICES, DATA REDUCTION, SPECTRUM ANALYSIS, IMAGE PROCESSING, ITERATION, OPTIMIZATION, SPATIAL RESOLUTION, STELLAR SPECTRA, VARIANCE (STATISTICS)},
     year = 1986,
    month = jun,
   volume = 98,
    pages = {609-617},
      doi = {10.1086/131801},
   adsurl = {http://adsabs.harvard.edu/abs/1986PASP...98..609H},
  adsnote = {Provided by the SAO/NASA Astrophysics Data System}
}


@ARTICLE{Chambers1999,
   author = {{Chambers}, J.~E.},
    title = "{A hybrid symplectic integrator that permits close encounters between massive bodies}",
  journal = {\mnras},
 keywords = {ACCRETION, ACCRETION DISCS, METHODS: NUMERICAL, CELESTIAL MECHANICS, STELLAR DYNAMICS, SOLAR SYSTEM: GENERAL},
     year = 1999,
    month = apr,
   volume = 304,
    pages = {793-799},
      doi = {10.1046/j.1365-8711.1999.02379.x},
   adsurl = {http://adsabs.harvard.edu/abs/1999MNRAS.304..793C},
  adsnote = {Provided by the SAO/NASA Astrophysics Data System}
}

@ARTICLE{2011ApJ...729...98P,
   author = {{Payne}, M.~J. and {Ford}, E.~B.},
    title = "{An Analysis of Jitter and Transit Timing Variations in the HAT-P-13 System}",
  journal = {\apj},
archivePrefix = "arXiv",
   eprint = {1103.0199},
 primaryClass = "astro-ph.EP",
 keywords = {celestial mechanics, methods: data analysis, methods: numerical, methods: observational, planetary systems},
     year = 2011,
    month = mar,
   volume = 729,
      eid = {98},
    pages = {98},
      doi = {10.1088/0004-637X/729/2/98},
   adsurl = {http://adsabs.harvard.edu/abs/2011ApJ...729...98P},
  adsnote = {Provided by the SAO/NASA Astrophysics Data System}
}

@INPROCEEDINGS{2007ASPC..371..189F,
   author = {{Ford}, E.~B. and {Gregory}, P.~C.},
    title = "{Bayesian Model Selection and Extrasolar Planet Detection}",
booktitle = {Statistical Challenges in Modern Astronomy IV},
     year = 2007,
   series = {Astronomical Society of the Pacific Conference Series},
   volume = 371,
   eprint = {arXiv:astro-ph/0608328},
   editor = {{Babu}, G.~J. and {Feigelson}, E.~D.},
    month = nov,
    pages = {189},
   adsurl = {http://adsabs.harvard.edu/abs/2007ASPC..371..189F},
  adsnote = {Provided by the SAO/NASA Astrophysics Data System}
}


@ARTICLE{Ford2006,
   author = {{Ford}, E.~B.},
    title = "{Improving the Efficiency of Markov Chain Monte Carlo for Analyzing the Orbits of Extrasolar Planets}",
  journal = {\apj},
   eprint = {arXiv:astro-ph/0512634},
 keywords = {Methods: Statistical, Stars: Planetary Systems, Techniques: Radial Velocities},
     year = 2006,
    month = may,
   volume = 642,
    pages = {505-522},
      doi = {10.1086/500802},
   adsurl = {http://adsabs.harvard.edu/abs/2006ApJ...642..505F},
  adsnote = {Provided by the SAO/NASA Astrophysics Data System}
}

@ARTICLE{Ford2005,
   author = {{Ford}, E.~B.},
    title = "{Quantifying the Uncertainty in the Orbits of Extrasolar Planets}",
  journal = {\aj},
   eprint = {arXiv:astro-ph/0305441},
 keywords = {Methods: Statistical, planetary systems: general, Techniques: Radial Velocities},
     year = 2005,
    month = mar,
   volume = 129,
    pages = {1706-1717},
      doi = {10.1086/427962},
   adsurl = {http://adsabs.harvard.edu/abs/2005AJ....129.1706F},
  adsnote = {Provided by the SAO/NASA Astrophysics Data System}
}

@ARTICLE{torres2010,
   author = {{Torres}, G. and {Andersen}, J. and {Gim{\'e}nez}, A.},
    title = "{Accurate masses and radii of normal stars: modern results and applications}",
  journal = {\aapr},
archivePrefix = "arXiv",
   eprint = {0908.2624},
 primaryClass = "astro-ph.SR",
 keywords = {Stars: fundamental parameters, Stars: binaries: eclipsing, Stars: binaries: spectroscopic, Stars: interiors, Stars: evolution},
     year = 2010,
    month = feb,
   volume = 18,
    pages = {67-126},
      doi = {10.1007/s00159-009-0025-1},
   adsurl = {http://adsabs.harvard.edu/abs/2010A%26ARv..18...67T},
  adsnote = {Provided by the SAO/NASA Astrophysics Data System}
}


@ARTICLE{2003PASP..115.1023W,
   author = {{Walker}, G. and {Matthews}, J. and {Kuschnig}, R. and {Johnson}, R. and 
	{Rucinski}, S. and {Pazder}, J. and {Burley}, G. and {Walker}, A. and 
	{Skaret}, K. and {Zee}, R. and {Grocott}, S. and {Carroll}, K. and 
	{Sinclair}, P. and {Sturgeon}, D. and {Harron}, J.},
    title = "{The MOST Asteroseismology Mission: Ultraprecise Photometry from Space}",
  journal = {\pasp},
 keywords = {space vehicles: instruments, Stars: Interiors, Stars: Oscillations, Techniques: Photometric, Telescopes},
     year = 2003,
    month = sep,
   volume = 115,
    pages = {1023-1035},
      doi = {10.1086/377358},
   adsurl = {http://adsabs.harvard.edu/abs/2003PASP..115.1023W},
  adsnote = {Provided by the SAO/NASA Astrophysics Data System}
}



@ARTICLE{2006ApJ...646.1241R,
   author = {{Rowe}, J.~F. and {Matthews}, J.~M. and {Seager}, S. and {Kuschnig}, R. and 
	{Guenther}, D.~B. and {Moffat}, A.~F.~J. and {Rucinski}, S.~M. and 
	{Sasselov}, D. and {Walker}, G.~A.~H. and {Weiss}, W.~W.},
    title = "{An Upper Limit on the Albedo of HD 209458b: Direct Imaging Photometry with the MOST Satellite}",
  journal = {\apj},
   eprint = {arXiv:astro-ph/0603410},
 keywords = {Stars: Planetary Systems, Stars: Individual: Henry Draper Number: HD 209458, Techniques: Photometric},
     year = 2006,
    month = aug,
   volume = 646,
    pages = {1241-1251},
      doi = {10.1086/504252},
   adsurl = {http://adsabs.harvard.edu/abs/2006ApJ...646.1241R},
  adsnote = {Provided by the SAO/NASA Astrophysics Data System}
}


@ARTICLE{2004Natur.430...51M,
   author = {{Matthews}, J.~M. and {Kuschnig}, R. and {Guenther}, D.~B. and 
	{Walker}, G.~A.~H. and {Moffat}, A.~F.~J. and {Rucinski}, S.~M. and 
	{Sasselov}, D. and {Weiss}, W.~W.},
    title = "{No stellar p-mode oscillations in space-based photometry of Procyon}",
  journal = {\nat},
     year = 2004,
    month = jul,
   volume = 430,
    pages = {51-53},
      doi = {10.1038/nature02671},
   adsurl = {http://adsabs.harvard.edu/abs/2004Natur.430...51M},
  adsnote = {Provided by the SAO/NASA Astrophysics Data System}
}


@article{1981,
     jstor_articletype = {research-article},
     title = {Bootstrapping Regression Models},
     author = {Freedman, D. A.},
     journal = {The Annals of Statistics},
     jstor_issuetitle = {},
     volume = {9},
     number = {6},
     jstor_formatteddate = {Nov., 1981},
     pages = {pp. 1218-1228},
     url = {http://www.jstor.org/stable/2240411},
     ISSN = {00905364},
     abstract = {The regression and correlation models are considered. It is shown that the bootstrap approximation to the distribution of the least squares estimates is valid, and some error bounds are given.},
     language = {English},
     year = {1981},
     publisher = {Institute of Mathematical Statistics},
     copyright = {Copyright © 1981 Institute of Mathematical Statistics},
    }


@book{davison1997bootstrap,
  title={{Bootstrap Methods and Their Application}},
  author={Davison, A.C. and Hinkley, D.V.},
  isbn={9780521574716},
  lccn={96030064},
  series={Cambridge Series on Statistical and Probabilistic Mathematics},
  url={http://books.google.com/books?id=Ql4tYgEACAAJ},
  year={1997},
  publisher={Cambridge University Press}
}



@ARTICLE{2009ApJ...702..989V,
   author = {{Valenti}, J.~A. and {Fischer}, D. and {Marcy}, G.~W. and {Johnson}, J.~A. and 
	{Henry}, G.~W. and {Wright}, J.~T. and {Howard}, A.~W. and {Giguere}, M. and 
	{Isaacson}, H.},
    title = "{Two Exoplanets Discovered at Keck Observatory}",
  journal = {\apj},
archivePrefix = "arXiv",
   eprint = {0908.1612},
 keywords = {planetary systems, stars: individual: HD 179079 HD 143174 HD 73534},
     year = 2009,
    month = sep,
   volume = 702,
    pages = {989-997},
      doi = {10.1088/0004-637X/702/2/989},
   adsurl = {http://adsabs.harvard.edu/abs/2009ApJ...702..989V},
  adsnote = {Provided by the SAO/NASA Astrophysics Data System}
}



@ARTICLE{2009ApJ...690..743B,
   author = {{Bailey}, J. and {Butler}, R.~P. and {Tinney}, C.~G. and {Jones}, H.~R.~A. and 
	{O'Toole}, S. and {Carter}, B.~D. and {Marcy}, G.~W.},
    title = "{A Jupiter-Like Planet Orbiting the Nearby M dwarf GJ 832}",
  journal = {\apj},
archivePrefix = "arXiv",
   eprint = {0809.0172},
 keywords = {planetary systems, stars: individual: GJ 832},
     year = 2009,
    month = jan,
   volume = 690,
    pages = {743-747},
      doi = {10.1088/0004-637X/690/1/743},
   adsurl = {http://adsabs.harvard.edu/abs/2009ApJ...690..743B},
  adsnote = {Provided by the SAO/NASA Astrophysics Data System}
}

@ARTICLE{2009MNRAS.393..969B,
   author = {{Baluev}, R.~V.},
    title = "{Accounting for velocity jitter in planet search surveys}",
  journal = {\mnras},
archivePrefix = "arXiv",
   eprint = {0712.3862},
 keywords = {methods: data analysis , methods: statistical , techniques: radial velocities , surveys , stars: individual: HD 74156 , stars: planetary systems},
     year = 2009,
    month = mar,
   volume = 393,
    pages = {969-978},
      doi = {10.1111/j.1365-2966.2008.14217.x},
   adsurl = {http://adsabs.harvard.edu/abs/2009MNRAS.393..969B},
  adsnote = {Provided by the SAO/NASA Astrophysics Data System}
}

@ARTICLE{2007A&A...476L..13B,
   author = {{Barbieri}, M. and {Alonso}, R. and {Laughlin}, G. and {Almenara}, J.~M. and 
	{Bissinger}, R. and {Davies}, D. and {Gasparri}, D. and {Guido}, E. and 
	{Lopresti}, C. and {Manzini}, F. and {Sostero}, G.},
    title = "{HD 17156b: a transiting planet with a 21.2-day period and an eccentric orbit}",
  journal = {\aap},
archivePrefix = "arXiv",
   eprint = {0710.0898},
 keywords = {binaries: eclipsing, planetary systems, stars: individual: HD 17156, techniques: photometric},
     year = 2007,
    month = dec,
   volume = 476,
    pages = {L13-L16},
      doi = {10.1051/0004-6361:20078787},
   adsurl = {http://adsabs.harvard.edu/abs/2007A%26A...476L..13B},
  adsnote = {Provided by the SAO/NASA Astrophysics Data System}
}

@ARTICLE{2005A&A...444L..15B,
   author = {{Bouchy}, F. and {Udry}, S. and {Mayor}, M. and {Moutou}, C. and 
	{Pont}, F. and {Iribarne}, N. and {da Silva}, R. and {Ilovaisky}, S. and 
	{Queloz}, D. and {Santos}, N.~C. and {S{\'e}gransan}, D. and 
	{Zucker}, S.},
    title = "{ELODIE metallicity-biased search for transiting Hot Jupiters. II. A very hot Jupiter transiting the bright K star HD 189733}",
  journal = {\aap},
   eprint = {arXiv:astro-ph/0510119},
     year = 2005,
    month = dec,
   volume = 444,
    pages = {L15-L19},
      doi = {10.1051/0004-6361:200500201},
   adsurl = {http://adsabs.harvard.edu/abs/2005A%26A...444L..15B},
  adsnote = {Provided by the SAO/NASA Astrophysics Data System}
}

@ARTICLE{1996PASP..108..500B,
   author = {{Butler}, R.~P. and {Marcy}, G.~W. and {Williams}, E. and {McCarthy}, C. and 
	{Dosanjh}, P. and {Vogt}, S.~S.},
    title = "{Attaining Doppler Precision of 3 M s-1}",
  journal = {\pasp},
 keywords = {TECHNIQUES: SPECTROSCOPIC},
     year = 1996,
    month = jun,
   volume = 108,
    pages = {500},
      doi = {10.1086/133755},
   adsurl = {http://adsabs.harvard.edu/abs/1996PASP..108..500B},
  adsnote = {Provided by the SAO/NASA Astrophysics Data System}
}

@INPROCEEDINGS{1997DPS....29.2706C,
   author = {{Chambers}, J.~E. and {Migliorini}, F.},
    title = "{Mercury - A New Software Package for Orbital Integrations}",
booktitle = {AAS/Division for Planetary Sciences Meeting Abstracts \#29},
     year = 1997,
   series = {Bulletin of the American Astronomical Society},
   volume = 29,
    month = jul,
    pages = {1024},
   adsurl = {http://adsabs.harvard.edu/abs/1997DPS....29.2706C},
  adsnote = {Provided by the SAO/NASA Astrophysics Data System}
}

@ARTICLE{2000ApJ...529L..45C,
   author = {{Charbonneau}, D. and {Brown}, T.~M. and {Latham}, D.~W. and 
	{Mayor}, M.},
    title = "{Detection of Planetary Transits Across a Sun-like Star}",
  journal = {\apjl},
   eprint = {arXiv:astro-ph/9911436},
 keywords = {STARS: BINARIES: ECLIPSING, STARS: PLANETARY SYSTEMS, STARS: INDIVIDUAL: HENRY DRAPER NUMBER: HD 209458, TECHNIQUES: PHOTOMETRIC, TECHNIQUES: RADIAL VELOCITIES},
     year = 2000,
    month = jan,
   volume = 529,
    pages = {L45-L48},
      doi = {10.1086/312457},
   adsurl = {http://adsabs.harvard.edu/abs/2000ApJ...529L..45C},
  adsnote = {Provided by the SAO/NASA Astrophysics Data System}
}

@ARTICLE{cochran2004,
   author = {{Cochran}, W.~D. and {Endl}, M. and {McArthur}, B. and {Paulson}, D.~B. and 
	{Smith}, V.~V. and {MacQueen}, P.~J. and {Tull}, R.~G. and {Good}, J. and 
	{Booth}, J. and {Shetrone}, M. and {Roman}, B. and {Odewahn}, S. and 
	{Deglman}, F. and {Graver}, M. and {Soukup}, M. and {Villarreal}, Jr., M.~L.
	},
    title = "{The First Hobby-Eberly Telescope Planet: A Companion to HD 37605}",
  journal = {\apjl},
   eprint = {arXiv:astro-ph/0407146},
 keywords = {Stars: Individual: Henry Draper Number: HD 37605},
     year = 2004,
    month = aug,
   volume = 611,
    pages = {L133-L136},
      doi = {10.1086/423936},
   adsurl = {http://adsabs.harvard.edu/abs/2004ApJ...611L.133C},
  adsnote = {Provided by the SAO/NASA Astrophysics Data System}
}

@ARTICLE{2011A&A...533A.114D,
   author = {{Demory}, B.-O. and {Gillon}, M. and {Deming}, D. and {Valencia}, D. and 
	{Seager}, S. and {Benneke}, B. and {Lovis}, C. and {Cubillos}, P. and 
	{Harrington}, J. and {Stevenson}, K.~B. and {Mayor}, M. and 
	{Pepe}, F. and {Queloz}, D. and {S{\'e}gransan}, D. and {Udry}, S.
	},
    title = "{Detection of a transit of the super-Earth 55 Cancri e with warm Spitzer}",
  journal = {\aap},
archivePrefix = "arXiv",
   eprint = {1105.0415},
 primaryClass = "astro-ph.EP",
 keywords = {binaries: eclipsing, planetary systems, stars: individual: 55 Cnc, techniques: photometric},
     year = 2011,
    month = sep,
   volume = 533,
      eid = {A114},
    pages = {A114},
      doi = {10.1051/0004-6361/201117178},
   adsurl = {http://adsabs.harvard.edu/abs/2011A%26A...533A.114D},
  adsnote = {Provided by the SAO/NASA Astrophysics Data System}
}

@ARTICLE{2011AJ....142..115D,
   author = {{Dragomir}, D. and {Kane}, S.~R. and {Pilyavsky}, G. and {Mahadevan}, S. and 
	{Ciardi}, D.~R. and {Gazak}, J.~Z. and {Gelino}, D.~M. and {Payne}, A. and 
	{Rabus}, M. and {Ramirez}, S.~V. and {von Braun}, K. and {Wright}, J.~T. and 
	{Wyatt}, P.},
    title = "{TERMS Photometry of Known Transiting Exoplanets}",
  journal = {\aj},
archivePrefix = "arXiv",
   eprint = {1108.2308},
 primaryClass = "astro-ph.EP",
 keywords = {planetary systems, stars: individual: WASP-4 WASP-5 WASP-6 WASP-19 WASP-29 WASP-31, techniques: photometric},
     year = 2011,
    month = oct,
   volume = 142,
      eid = {115},
    pages = {115},
      doi = {10.1088/0004-6256/142/4/115},
   adsurl = {http://adsabs.harvard.edu/abs/2011AJ....142..115D},
  adsnote = {Provided by the SAO/NASA Astrophysics Data System}
}

@ARTICLE{2007ApJ...669.1336F,
   author = {{Fischer}, D.~A. and {Vogt}, S.~S. and {Marcy}, G.~W. and {Butler}, R.~P. and 
	{Sato}, B. and {Henry}, G.~W. and {Robinson}, S. and {Laughlin}, G. and 
	{Ida}, S. and {Toyota}, E. and {Omiya}, M. and {Driscoll}, P. and 
	{Takeda}, G. and {Wright}, J.~T. and {Johnson}, J.~A.},
    title = "{Five Intermediate-Period Planets from the N2K Sample}",
  journal = {\apj},
archivePrefix = "arXiv",
   eprint = {0704.1191},
 keywords = {Stars: Planetary Systems, stars: individual (HD 11506), stars: individual (HD 17156), stars: individual (HD 125612), stars: individual (HD 170469), stars: individual (HD 231701)},
     year = 2007,
    month = nov,
   volume = 669,
    pages = {1336-1344},
      doi = {10.1086/521869},
   adsurl = {http://adsabs.harvard.edu/abs/2007ApJ...669.1336F},
  adsnote = {Provided by the SAO/NASA Astrophysics Data System}
}

@ARTICLE{2009MNRAS.396L..16F,
   author = {{Fossey}, S.~J. and {Waldmann}, I.~P. and {Kipping}, D.~M.},
    title = "{Detection of a transit by the planetary companion of HD 80606}",
  journal = {\mnras},
archivePrefix = "arXiv",
   eprint = {0902.4616},
 primaryClass = "astro-ph.EP",
 keywords = {techniques: photometric, occultations, planets and satellites: general, stars: individual: HD 80606, planetary systems},
     year = 2009,
    month = jun,
   volume = 396,
    pages = {L16-L20},
      doi = {10.1111/j.1745-3933.2009.00653.x},
   adsurl = {http://adsabs.harvard.edu/abs/2009MNRAS.396L..16F},
  adsnote = {Provided by the SAO/NASA Astrophysics Data System}
}

@ARTICLE{2011arXiv1109.2549H,
   author = {{Henry}, G.~W. and {Howard}, A.~W. and {Marcy}, G.~W. and {Fischer}, D.~A. and 
	{Johnson}, J.~A.},
    title = "{Detection of a Transiting Low-Density Super-Earth}",
  journal = {ArXiv e-prints},
archivePrefix = "arXiv",
   eprint = {1109.2549},
 primaryClass = "astro-ph.SR",
 keywords = {Astrophysics - Solar and Stellar Astrophysics},
     year = 2011,
    month = sep,
   adsurl = {http://adsabs.harvard.edu/abs/2011arXiv1109.2549H},
  adsnote = {Provided by the SAO/NASA Astrophysics Data System}
}

@ARTICLE{2000ApJ...529L..41H,
   author = {{Henry}, G.~W. and {Marcy}, G.~W. and {Butler}, R.~P. and {Vogt}, S.~S.
	},
    title = "{A Transiting ``51 Peg-like'' Planet}",
  journal = {\apjl},
 keywords = {STARS: PLANETARY SYSTEMS, STARS: INDIVIDUAL: HENRY DRAPER NUMBER: HD 209458},
     year = 2000,
    month = jan,
   volume = 529,
    pages = {L41-L44},
      doi = {10.1086/312458},
   adsurl = {http://adsabs.harvard.edu/abs/2000ApJ...529L..41H},
  adsnote = {Provided by the SAO/NASA Astrophysics Data System}
}

@ARTICLE{2010ApJ...721.1467H,
   author = {{Howard}, A.~W. and {Johnson}, J.~A. and {Marcy}, G.~W. and 
	{Fischer}, D.~A. and {Wright}, J.~T. and {Bernat}, D. and {Henry}, G.~W. and 
	{Peek}, K.~M.~G. and {Isaacson}, H. and {Apps}, K. and {Endl}, M. and 
	{Cochran}, W.~D. and {Valenti}, J.~A. and {Anderson}, J. and 
	{Piskunov}, N.~E.},
    title = "{The California Planet Survey. I. Four New Giant Exoplanets}",
  journal = {\apj},
archivePrefix = "arXiv",
   eprint = {1003.3488},
 primaryClass = "astro-ph.EP",
 keywords = {binaries: visual, planetary systems, stars: individual: HD 34445 HD 126614 HD 24496 HD 13931 G1 179, techniques: high angular resolution, techniques: photometric, techniques: radial velocities},
     year = 2010,
    month = oct,
   volume = 721,
    pages = {1467-1481},
      doi = {10.1088/0004-637X/721/2/1467},
   adsurl = {http://adsabs.harvard.edu/abs/2010ApJ...721.1467H},
  adsnote = {Provided by the SAO/NASA Astrophysics Data System}
}

@ARTICLE{2009ApJ...696...75H,
   author = {{Howard}, A.~W. and {Johnson}, J.~A. and {Marcy}, G.~W. and 
	{Fischer}, D.~A. and {Wright}, J.~T. and {Henry}, G.~W. and 
	{Giguere}, M.~J. and {Isaacson}, H. and {Valenti}, J.~A. and 
	{Anderson}, J. and {Piskunov}, N.~E.},
    title = "{The NASA-UC Eta-Earth Program. I. A Super-Earth Orbiting HD 7924}",
  journal = {\apj},
archivePrefix = "arXiv",
   eprint = {0901.4394},
 primaryClass = "astro-ph.EP",
 keywords = {planetary systems, stars: individual: HD 7924, techniques: radial velocities},
     year = 2009,
    month = may,
   volume = 696,
    pages = {75-83},
      doi = {10.1088/0004-637X/696/1/75},
   adsurl = {http://adsabs.harvard.edu/abs/2009ApJ...696...75H},
  adsnote = {Provided by the SAO/NASA Astrophysics Data System}
}

@ARTICLE{2011ApJ...730...10H,
   author = {{Howard}, A.~W. and {Johnson}, J.~A. and {Marcy}, G.~W. and 
	{Fischer}, D.~A. and {Wright}, J.~T. and {Henry}, G.~W. and 
	{Isaacson}, H. and {Valenti}, J.~A. and {Anderson}, J. and {Piskunov}, N.~E.
	},
    title = "{The NASA-UC Eta-Earth Program. III. A Super-Earth Orbiting HD 97658 and a Neptune-mass Planet Orbiting Gl 785}",
  journal = {\apj},
archivePrefix = "arXiv",
   eprint = {1011.0414},
 primaryClass = "astro-ph.EP",
 keywords = {planetary systems, stars: individual: HD 97658 Gl 785, techniques: radial velocities},
     year = 2011,
    month = mar,
   volume = 730,
      eid = {10},
    pages = {10},
      doi = {10.1088/0004-637X/730/1/10},
   adsurl = {http://adsabs.harvard.edu/abs/2011ApJ...730...10H},
  adsnote = {Provided by the SAO/NASA Astrophysics Data System}
}

@ARTICLE{2011ApJ...726...73H,
   author = {{Howard}, A.~W. and {Johnson}, J.~A. and {Marcy}, G.~W. and 
	{Fischer}, D.~A. and {Wright}, J.~T. and {Henry}, G.~W. and 
	{Isaacson}, H. and {Valenti}, J.~A. and {Anderson}, J. and {Piskunov}, N.~E.
	},
    title = "{The NASA-UC Eta-Earth Program. II. A Planet Orbiting HD 156668 with a Minimum Mass of Four Earth Masses}",
  journal = {\apj},
archivePrefix = "arXiv",
   eprint = {1003.3444},
 primaryClass = "astro-ph.EP",
 keywords = {planetary systems, stars: individual: HD 156668, techniques: radial velocities},
     year = 2011,
    month = jan,
   volume = 726,
      eid = {73},
    pages = {73},
      doi = {10.1088/0004-637X/726/2/73},
   adsurl = {http://adsabs.harvard.edu/abs/2011ApJ...726...73H},
  adsnote = {Provided by the SAO/NASA Astrophysics Data System}
}

@ARTICLE{2011ApJS..197...26J,
   author = {{Johnson}, J.~A. and {Clanton}, C. and {Howard}, A.~W. and {Bowler}, B.~P. and 
	{Henry}, G.~W. and {Marcy}, G.~W. and {Crepp}, J.~R. and {Endl}, M. and 
	{Cochran}, W.~D. and {MacQueen}, P.~J. and {Wright}, J.~T. and 
	{Isaacson}, H.},
    title = "{Retired A Stars and Their Companions. VII. 18 New Jovian Planets}",
  journal = {\apjs},
archivePrefix = "arXiv",
   eprint = {1108.4205},
 primaryClass = "astro-ph.EP",
 keywords = {binaries: spectroscopic, planetary systems, techniques: photometric, techniques: radial velocities},
     year = 2011,
    month = dec,
   volume = 197,
      eid = {26},
    pages = {26},
      doi = {10.1088/0067-0049/197/2/26},
   adsurl = {http://adsabs.harvard.edu/abs/2011ApJS..197...26J},
  adsnote = {Provided by the SAO/NASA Astrophysics Data System}
}

@ARTICLE{2010MNRAS.403.1703J,
   author = {{Jones}, H.~R.~A. and {Butler}, R.~P. and {Tinney}, C.~G. and 
	{O'Toole}, S. and {Wittenmyer}, R. and {Henry}, G.~W. and {Meschiari}, S. and 
	{Vogt}, S. and {Rivera}, E. and {Laughlin}, G. and {Carter}, B.~D. and 
	{Bailey}, J. and {Jenkins}, J.~S.},
    title = "{A long-period planet orbiting a nearby Sun-like star}",
  journal = {\mnras},
archivePrefix = "arXiv",
   eprint = {0912.2716},
 primaryClass = "astro-ph.SR",
 keywords = {stars: individual: HD134987, planetary systems},
     year = 2010,
    month = apr,
   volume = 403,
    pages = {1703-1713},
      doi = {10.1111/j.1365-2966.2009.16232.x},
   adsurl = {http://adsabs.harvard.edu/abs/2010MNRAS.403.1703J},
  adsnote = {Provided by the SAO/NASA Astrophysics Data System}
}

@ARTICLE{2011EPJWC..1106005K,
   author = {{Kane}, S.~R. and {Ciardi}, D. and {Fischer}, D. and {Henry}, G. and 
	{Howard}, A. and {Jensen}, E. and {Laughlin}, G. and {Mahadevan}, S. and 
	{von Braun}, K. and {Wright}, J.},
    title = "{Improving Transit Predictions of Known Exoplanets with TERMS}",
  journal = {Detection and Dynamics of Transiting Exoplanets, St.~Michel l'Observatoire, France, Edited by F.~Bouchy; R.~D{\'{\i}}az; C.~Moutou; EPJ Web of Conferences, Volume 11, id.06005},
archivePrefix = "arXiv",
   eprint = {1011.0439},
 primaryClass = "astro-ph.EP",
     year = 2011,
    month = feb,
   volume = 11,
      eid = {06005},
    pages = {6005},
      doi = {10.1051/epjconf/20101106005},
   adsurl = {http://adsabs.harvard.edu/abs/2011EPJWC..1106005K},
  adsnote = {Provided by the SAO/NASA Astrophysics Data System}
}

@ARTICLE{2009Natur.457..562L,
   author = {{Laughlin}, G. and {Deming}, D. and {Langton}, J. and {Kasen}, D. and 
	{Vogt}, S. and {Butler}, P. and {Rivera}, E. and {Meschiari}, S.
	},
    title = "{Rapid heating of the atmosphere of an extrasolar planet}",
  journal = {\nat},
     year = 2009,
    month = jan,
   volume = 457,
    pages = {562-564},
      doi = {10.1038/nature07649},
   adsurl = {http://adsabs.harvard.edu/abs/2009Natur.457..562L},
  adsnote = {Provided by the SAO/NASA Astrophysics Data System}
}

@ARTICLE{1992PASP..104..270M,
   author = {{Marcy}, G.~W. and {Butler}, R.~P.},
    title = "{Precision radial velocities with an iodine absorption cell}",
  journal = {\pasp},
 keywords = {ABSORPTION SPECTRA, BROWN DWARF STARS, COMPANION STARS, IODINE, RADIAL VELOCITY, STELLAR SPECTRA, CHARGE COUPLED DEVICES, HIGH RESOLUTION, LINE SPECTRA, POINT SPREAD FUNCTIONS, SPECTRAL LINE WIDTH, SPECTRAL RESOLUTION, SPECTROGRAPHS},
     year = 1992,
    month = apr,
   volume = 104,
    pages = {270-277},
      doi = {10.1086/132989},
   adsurl = {http://adsabs.harvard.edu/abs/1992PASP..104..270M},
  adsnote = {Provided by the SAO/NASA Astrophysics Data System}
}

@ARTICLE{2002ApJ...581.1375M,
   author = {{Marcy}, G.~W. and {Butler}, R.~P. and {Fischer}, D.~A. and 
	{Laughlin}, G. and {Vogt}, S.~S. and {Henry}, G.~W. and {Pourbaix}, D.
	},
    title = "{A Planet at 5 AU around 55 Cancri}",
  journal = {\apj},
   eprint = {arXiv:astro-ph/0207294},
 keywords = {Stars: Planetary Systems, Stars: Individual: Constellation Name: 55 Cancri, stars: individual (HIP 43587, HD 75732), Stars: Individual: Bright Star Number: HR 3522, Stars: Individual: Constellation Name: {$\rho$}1 Cancri},
     year = 2002,
    month = dec,
   volume = 581,
    pages = {1375-1388},
      doi = {10.1086/344298},
   adsurl = {http://adsabs.harvard.edu/abs/2002ApJ...581.1375M},
  adsnote = {Provided by the SAO/NASA Astrophysics Data System}
}

@ARTICLE{2004ApJ...614L..81M,
   author = {{McArthur}, B.~E. and {Endl}, M. and {Cochran}, W.~D. and {Benedict}, G.~F. and 
	{Fischer}, D.~A. and {Marcy}, G.~W. and {Butler}, R.~P. and 
	{Naef}, D. and {Mayor}, M. and {Queloz}, D. and {Udry}, S. and 
	{Harrison}, T.~E.},
    title = "{Detection of a Neptune-Mass Planet in the {$\rho$}$^{1}$ Cancri System Using the Hobby-Eberly Telescope}",
  journal = {\apjl},
   eprint = {arXiv:astro-ph/0408585},
 keywords = {Astrometry, Stars: Planetary Systems, Stars: Individual: Constellation Name: {$\rho$}1 Cancri},
     year = 2004,
    month = oct,
   volume = 614,
    pages = {L81-L84},
      doi = {10.1086/425561},
   adsurl = {http://adsabs.harvard.edu/abs/2004ApJ...614L..81M},
  adsnote = {Provided by the SAO/NASA Astrophysics Data System}
}

@ARTICLE{2011A&A...527A..63M,
   author = {{Moutou}, C. and {Mayor}, M. and {Lo Curto}, G. and {S{\'e}gransan}, D. and 
	{Udry}, S. and {Bouchy}, F. and {Benz}, W. and {Lovis}, C. and 
	{Naef}, D. and {Pepe}, F. and {Queloz}, D. and {Santos}, N.~C. and 
	{Sousa}, S.~G.},
    title = "{The HARPS search for southern extra-solar planets. XXVII. Seven new planetary systems}",
  journal = {\aap},
archivePrefix = "arXiv",
   eprint = {1012.3830},
 primaryClass = "astro-ph.EP",
 keywords = {planets and satellites: detection, techniques: radial velocities},
     year = 2011,
    month = mar,
   volume = 527,
      eid = {A63},
    pages = {A63},
      doi = {10.1051/0004-6361/201015371},
   adsurl = {http://adsabs.harvard.edu/abs/2011A%26A...527A..63M},
  adsnote = {Provided by the SAO/NASA Astrophysics Data System}
}

@ARTICLE{2007A&A...462..769P,
   author = {{Pepe}, F. and {Correia}, A.~C.~M. and {Mayor}, M. and {Tamuz}, O. and 
	{Couetdic}, J. and {Benz}, W. and {Bertaux}, J.-L. and {Bouchy}, F. and 
	{Laskar}, J. and {Lovis}, C. and {Naef}, D. and {Queloz}, D. and 
	{Santos}, N.~C. and {Sivan}, J.-P. and {Sosnowska}, D. and {Udry}, S.
	},
    title = "{The HARPS search for southern extra-solar planets. VIII. <ASTROBJ>{$\mu$} Arae</ASTROBJ>, a system with four planets}",
  journal = {\aap},
   eprint = {arXiv:astro-ph/0608396},
 keywords = {instrumentation: spectrographs, techniques: radial velocities, stars: individual: <ASTROBJ>{$\mu$} Arae</ASTROBJ> (HD 160691), stars: planetary systems},
     year = 2007,
    month = feb,
   volume = 462,
    pages = {769-776},
      doi = {10.1051/0004-6361:20066194},
   adsurl = {http://adsabs.harvard.edu/abs/2007A%26A...462..769P},
  adsnote = {Provided by the SAO/NASA Astrophysics Data System}
}

@ARTICLE{2011ApJ...743..162P,
   author = {{Pilyavsky}, G. and {Mahadevan}, S. and {Kane}, S.~R. and {Howard}, A.~W. and 
	{Ciardi}, D.~R. and {de Pree}, C. and {Dragomir}, D. and {Fischer}, D. and 
	{Henry}, G.~W. and {Jensen}, E.~L.~N. and {Laughlin}, G. and 
	{Marlowe}, H. and {Rabus}, M. and {von Braun}, K. and {Wright}, J.~T. and 
	{Wang}, X.~X.},
    title = "{A Search for the Transit of HD 168443b: Improved Orbital Parameters and Photometry}",
  journal = {\apj},
archivePrefix = "arXiv",
   eprint = {1109.5166},
 primaryClass = "astro-ph.EP",
 keywords = {planetary systems, stars: individual: HD 168443, techniques: photometric, techniques: radial velocities },
     year = 2011,
    month = dec,
   volume = 743,
      eid = {162},
    pages = {162},
      doi = {10.1088/0004-637X/743/2/162},
   adsurl = {http://adsabs.harvard.edu/abs/2011ApJ...743..162P},
  adsnote = {Provided by the SAO/NASA Astrophysics Data System}
}

@ARTICLE{2002A&A...385.1095P,
   author = {{Piskunov}, N.~E. and {Valenti}, J.~A.},
    title = "{New algorithms for reducing cross-dispersed echelle spectra}",
  journal = {\aap},
 keywords = {INSTRUMENTATION: SPECTROGRAPHS, METHODS: DATA ANALYSIS, TECHNIQUES: SPECTROSCOPIC},
     year = 2002,
    month = apr,
   volume = 385,
    pages = {1095-1106},
      doi = {10.1051/0004-6361:20020175},
   adsurl = {http://adsabs.harvard.edu/abs/2002A%26A...385.1095P},
  adsnote = {Provided by the SAO/NASA Astrophysics Data System}
}

@ARTICLE{2011A&A...532A..79S,
   author = {{Schneider}, J. and {Dedieu}, C. and {Le Sidaner}, P. and {Savalle}, R. and 
	{Zolotukhin}, I.},
    title = "{Defining and cataloging exoplanets: the exoplanet.eu database}",
  journal = {\aap},
archivePrefix = "arXiv",
   eprint = {1106.0586},
 primaryClass = "astro-ph.EP",
 keywords = {catalogs, virtual observatory tools, planetary systems, planets and satellites: detection, planets and satellites: fundamental parameters},
     year = 2011,
    month = aug,
   volume = 532,
      eid = {A79},
    pages = {A79},
      doi = {10.1051/0004-6361/201116713},
   adsurl = {http://adsabs.harvard.edu/abs/2011A%26A...532A..79S},
  adsnote = {Provided by the SAO/NASA Astrophysics Data System}
}

@INPROCEEDINGS{1998SPIE.3355..387T,
   author = {{Tull}, R.~G.},
    title = "{High-resolution fiber-coupled spectrograph of the Hobby-Eberly Telescope}",
booktitle = {Society of Photo-Optical Instrumentation Engineers (SPIE) Conference Series},
     year = 1998,
   series = {Society of Photo-Optical Instrumentation Engineers (SPIE) Conference Series},
   volume = 3355,
   editor = "{S.~D'Odorico}",
    month = jul,
    pages = {387-398},
   adsurl = {http://adsabs.harvard.edu/abs/1998SPIE.3355..387T},
  adsnote = {Provided by the SAO/NASA Astrophysics Data System}
}

@INPROCEEDINGS{1994SPIE.2198..362V,
   author = {{Vogt}, S.~S. and {Allen}, S.~L. and {Bigelow}, B.~C. and {Bresee}, L. and 
	{Brown}, B. and {Cantrall}, T. and {Conrad}, A. and {Couture}, M. and 
	{Delaney}, C. and {Epps}, H.~W. and {Hilyard}, D. and {Hilyard}, D.~F. and 
	{Horn}, E. and {Jern}, N. and {Kanto}, D. and {Keane}, M.~J. and 
	{Kibrick}, R.~I. and {Lewis}, J.~W. and {Osborne}, J. and {Pardeilhan}, G.~H. and 
	{Pfister}, T. and {Ricketts}, T. and {Robinson}, L.~B. and {Stover}, R.~J. and 
	{Tucker}, D. and {Ward}, J. and {Wei}, M.~Z.},
    title = "{HIRES: the high-resolution echelle spectrometer on the Keck 10-m Telescope}",
 keywords = {ASTEROSEISMOLOGY,},
booktitle = {Society of Photo-Optical Instrumentation Engineers (SPIE) Conference Series},
     year = 1994,
   series = {Society of Photo-Optical Instrumentation Engineers (SPIE) Conference Series},
   volume = 2198,
   editor = "{D.~L.~Crawford \& E.~R.~Craine}",
    month = jun,
    pages = {362},
   adsurl = {http://adsabs.harvard.edu/abs/1994SPIE.2198..362V},
  adsnote = {Provided by the SAO/NASA Astrophysics Data System}
}

@ARTICLE{wit2007,
   author = {{Wittenmyer}, R.~A. and {Endl}, M. and {Cochran}, W.~D. and 
	{Levison}, H.~F.},
    title = "{Dynamical and Observational Constraints on Additional Planets in Highly Eccentric Planetary Systems}",
  journal = {\aj},
archivePrefix = "arXiv",
   eprint = {0706.1962},
 keywords = {celestial mechanics, planetary systems},
     year = 2007,
    month = sep,
   volume = 134,
    pages = {1276-1284},
      doi = {10.1086/520880},
   adsurl = {http://adsabs.harvard.edu/abs/2007AJ....134.1276W},
  adsnote = {Provided by the SAO/NASA Astrophysics Data System}
}

@ARTICLE{wrighteod,
   author = {{Wright}, J.~T. and {Fakhouri}, O. and {Marcy}, G.~W. and {Han}, E. and 
	{Feng}, Y. and {Johnson}, J.~A. and {Howard}, A.~W. and {Fischer}, D.~A. and 
	{Valenti}, J.~A. and {Anderson}, J. and {Piskunov}, N.},
    title = "{The Exoplanet Orbit Database}",
  journal = {\pasp},
archivePrefix = "arXiv",
   eprint = {1012.5676},
 primaryClass = "astro-ph.SR",
 keywords = {Extrasolar Planets},
     year = 2011,
    month = apr,
   volume = 123,
    pages = {412-422},
      doi = {10.1086/659427},
   adsurl = {http://adsabs.harvard.edu/abs/2011PASP..123..412W},
  adsnote = {Provided by the SAO/NASA Astrophysics Data System}
}

@ARTICLE{rvlin,
   author = {{Wright}, J.~T. and {Howard}, A.~W.},
    title = "{Efficient Fitting of Multiplanet Keplerian Models to Radial Velocity and Astrometry Data}",
  journal = {\apjs},
archivePrefix = "arXiv",
   eprint = {0904.3725},
 primaryClass = "astro-ph.SR",
 keywords = {astrometry, methods: data analysis, methods: numerical, planetary systems, techniques: radial velocities},
     year = 2009,
    month = may,
   volume = 182,
    pages = {205-215},
      doi = {10.1088/0067-0049/182/1/205},
   adsurl = {http://adsabs.harvard.edu/abs/2009ApJS..182..205W},
  adsnote = {Provided by the SAO/NASA Astrophysics Data System}
}


@ARTICLE{2009ApJ...693.1084W,
   author = {{Wright}, J.~T. and {Upadhyay}, S. and {Marcy}, G.~W. and {Fischer}, D.~A. and 
	{Ford}, E.~B. and {Johnson}, J.~A.},
    title = "{Ten New and Updated Multiplanet Systems and a Survey of Exoplanetary Systems}",
  journal = {\apj},
archivePrefix = "arXiv",
   eprint = {0812.1582},
 keywords = {planetary systems},
     year = 2009,
    month = mar,
   volume = 693,
    pages = {1084-1099},
      doi = {10.1088/0004-637X/693/2/1084},
   adsurl = {http://adsabs.harvard.edu/abs/2009ApJ...693.1084W},
  adsnote = {Provided by the SAO/NASA Astrophysics Data System}
}


@ARTICLE{esa1997,
   author = {{ESA}},
    title = "{The Hipparcos and Tycho Catalogues (ESA 1997)}",
  journal = {VizieR Online Data Catalog},
 keywords = {Positional data, Proper motions, Parallaxes: trigonometric, Photometry, Fundamental catalog, Stars: double and multiple},
     year = 1997,
    month = feb,
   volume = 1239,
    pages = {0},
   adsurl = {http://adsabs.harvard.edu/abs/1997yCat.1239....0E},
  adsnote = {Provided by the SAO/NASA Astrophysics Data System}
}

@ARTICLE{vanleeuwen2008,
   author = {{van Leeuwen}, F.},
    title = "{Hipparcos, the New Reduction (van Leeuwen, 2007)}",
  journal = {VizieR Online Data Catalog},
 keywords = {Hipparcos},
     year = 2008,
    month = sep,
   volume = 1311,
    pages = {0},
   adsurl = {http://adsabs.harvard.edu/abs/2008yCat.1311....0V},
  adsnote = {Provided by the SAO/NASA Astrophysics Data System}
}

@ARTICLE{valentifischer2005,
   author = {{Valenti}, J.~A. and {Fischer}, D.~A.},
    title = "{Spectroscopic Properties of Cool Stars (SPOCS). I. 1040 F, G, and K Dwarfs from Keck, Lick, and AAT Planet Search Programs}",
  journal = {\apjs},
 keywords = {Catalogs, Stars: Abundances, Stars: Fundamental Parameters, Stars: Late-Type, Techniques: Spectroscopic},
     year = 2005,
    month = jul,
   volume = 159,
    pages = {141-166},
      doi = {10.1086/430500},
   adsurl = {http://adsabs.harvard.edu/abs/2005ApJS..159..141V},
  adsnote = {Provided by the SAO/NASA Astrophysics Data System}
}

@ARTICLE{valentipiskunov1996,
   author = {{Valenti}, J.~A. and {Piskunov}, N.},
    title = "{Spectroscopy made easy: A new tool for fitting observations with synthetic spectra.}",
  journal = {\aaps},
 keywords = {RADIATIVE TRANSFER, METHODS: NUMERICAL, TECHNIQUES: SPECTROSCOPIC, STARS: FUNDAMENTAL PARAMETERS, SUN: FUNDAMENTAL PARAMETERS, ATOMIC DATA},
     year = 1996,
    month = sep,
   volume = 118,
    pages = {595-603},
   adsurl = {http://adsabs.harvard.edu/abs/1996A%26AS..118..595V},
  adsnote = {Provided by the SAO/NASA Astrophysics Data System}
}

@ARTICLE{santos2005,
   author = {{Santos}, N.~C. and {Israelian}, G. and {Mayor}, M. and {Bento}, J.~P. and 
	{Almeida}, P.~C. and {Sousa}, S.~G. and {Ecuvillon}, A.},
    title = "{Spectroscopic metallicities for planet-host stars: Extending the samples}",
  journal = {\aap},
   eprint = {arXiv:astro-ph/0504154},
 keywords = {stars: abundances, stars: fundamental parameters, stars: chemically peculiar, stars: planetary systems, stars: planetary systems: formation},
     year = 2005,
    month = jul,
   volume = 437,
    pages = {1127-1133},
      doi = {10.1051/0004-6361:20052895},
   adsurl = {http://adsabs.harvard.edu/abs/2005A%26A...437.1127S},
  adsnote = {Provided by the SAO/NASA Astrophysics Data System}
}

@ARTICLE{planetradius2003,
   author = {{Bodenheimer}, P. and {Laughlin}, G. and {Lin}, D.~N.~C.},
    title = "{On the Radii of Extrasolar Giant Planets}",
  journal = {\apj},
   eprint = {arXiv:astro-ph/0303541},
 keywords = {Stars: Planetary Systems, Planets and Satellites: General},
     year = 2003,
    month = jul,
   volume = 592,
    pages = {555-563},
      doi = {10.1086/375565},
   adsurl = {http://adsabs.harvard.edu/abs/2003ApJ...592..555B},
  adsnote = {Provided by the SAO/NASA Astrophysics Data System}
}

@ARTICLE{henry1999,
   author = {{Henry}, G.~W.},
    title = "{Techniques for Automated High-Precision Photometry of Sun-like Stars}",
  journal = {\pasp},
 keywords = {INSTRUMENTATION: PHOTOMETERS, STARS: PLANETARY SYSTEMS, STARS: ACTIVITY, TECHNIQUES: PHOTOMETRIC},
     year = 1999,
    month = jul,
   volume = 111,
    pages = {845-860},
      doi = {10.1086/316388},
   adsurl = {http://adsabs.harvard.edu/abs/1999PASP..111..845H},
  adsnote = {Provided by the SAO/NASA Astrophysics Data System}
}

@ARTICLE{svalue2010,
   author = {{Isaacson}, H. and {Fischer}, D.},
    title = "{Chromospheric Activity and Jitter Measurements for 2630 Stars on the California Planet Search}",
  journal = {\apj},
archivePrefix = "arXiv",
   eprint = {1009.2301},
 primaryClass = "astro-ph.EP",
 keywords = {stars: activity, stars: chromospheres, stars: fundamental parameters},
     year = 2010,
    month = dec,
   volume = 725,
    pages = {875-885},
      doi = {10.1088/0004-637X/725/1/875},
   adsurl = {http://adsabs.harvard.edu/abs/2010ApJ...725..875I},
  adsnote = {Provided by the SAO/NASA Astrophysics Data System}
}

@ARTICLE{age2002,
   author = {{Ibukiyama}, A. and {Arimoto}, N.},
    title = "{HIPPARCOS age-metallicity relation of the solar neighbourhood disc stars}",
  journal = {\aap},
   eprint = {arXiv:astro-ph/0207108},
 keywords = {stars: abundances, stars: distances, Galaxy: abundances, Galaxy: evolution, Galaxy: solar neighbourhood, Galaxy: kinematics and dynamics},
     year = 2002,
    month = nov,
   volume = 394,
    pages = {927-941},
      doi = {10.1051/0004-6361:20021157},
   adsurl = {http://adsabs.harvard.edu/abs/2002A%26A...394..927I},
  adsnote = {Provided by the SAO/NASA Astrophysics Data System}
}

@ARTICLE{eprv2015,
   author = {{Fischer}, D. and {Anglada-Escude}, G. and {Arriagada}, P. and 
	{Baluev}, R.~V. and {Bean}, J.~L. and {Bouchy}, F. and {Buchhave}, L.~A. and 
	{Carroll}, T. and {Chakraborty}, A. and {Crepp}, J.~R. and {Dawson}, R.~I. and 
	{Diddams}, S.~A. and {Dumusque}, X. and {Eastman}, J.~D. and 
	{Endl}, M. and {Figueira}, P. and {Ford}, E.~B. and {Foreman-Mackey}, D. and 
	{Fournier}, P. and {Furesz}, G. and {Gaudi}, B.~S. and {Gregory}, P.~C. and 
	{Grundahl}, F. and {Hatzes}, A.~P. and {Hebrard}, G. and {Herrero}, E. and 
	{Hogg}, D.~W. and {Howard}, A.~W. and {Johnson}, J.~A. and {Jorden}, P. and 
	{Jurgenson}, C.~A. and {Latham}, D.~W. and {Laughlin}, G. and 
	{Loredo}, T.~J. and {Lovis}, C. and {Mahadevan}, S. and {McCracken}, T.~M. and 
	{Pepe}, F. and {Perez}, M. and {Phillips}, D.~F. and {Plavchan}, P.~P. and 
	{Prato}, L. and {Quirrenbach}, A. and {Reiners}, A. and {Robertson}, P. and 
	{Santos}, N.~C. and {Sawyer}, D. and {Segransan}, D. and {Sozzetti}, A. and 
	{Steinmetz}, T. and {Szentgyorgyi}, A. and {Udry}, S. and {Valenti}, J.~A. and 
	{Wang}, S.~X. and {Wittenmyer}, R.~A. and {Wright}, J.~T.},
    title = "{State of the Field: Extreme Precision Radial Velocities}",
  journal = {ArXiv e-prints},
archivePrefix = "arXiv",
   eprint = {1602.07939},
 primaryClass = "astro-ph.IM",
 keywords = {Astrophysics - Instrumentation and Methods for Astrophysics, Astrophysics - Earth and Planetary Astrophysics},
     year = 2016,
    month = feb,
   adsurl = {http://adsabs.harvard.edu/abs/2016arXiv160207939F},
  adsnote = {Provided by the SAO/NASA Astrophysics Data System}
}

@ARTICLE{2009A&A...507..487M,
   author = {{Mayor}, M. and {Bonfils}, X. and {Forveille}, T. and {Delfosse}, X. and 
	{Udry}, S. and {Bertaux}, J.-L. and {Beust}, H. and {Bouchy}, F. and 
	{Lovis}, C. and {Pepe}, F. and {Perrier}, C. and {Queloz}, D. and 
	{Santos}, N.~C.},
    title = "{The HARPS search for southern extra-solar planets. XVIII. An Earth-mass planet in the GJ 581 planetary system}",
  journal = {\aap},
archivePrefix = "arXiv",
   eprint = {0906.2780},
 primaryClass = "astro-ph.EP",
 keywords = {planetary systems, stars: late-type, techniques: radial velocities, stars: individual: <ASTROBJ>GJ 581</ASTROBJ>},
     year = 2009,
    month = nov,
   volume = 507,
    pages = {487-494},
      doi = {10.1051/0004-6361/200912172},
   adsurl = {http://adsabs.harvard.edu/abs/2009A%26A...507..487M},
  adsnote = {Provided by the SAO/NASA Astrophysics Data System}
}

@ARTICLE{2010ApJ...723..954V,
   author = {{Vogt}, S.~S. and {Butler}, R.~P. and {Rivera}, E.~J. and {Haghighipour}, N. and 
	{Henry}, G.~W. and {Williamson}, M.~H.},
    title = "{The Lick-Carnegie Exoplanet Survey: A 3.1 M $_{⊕}$ Planet in the Habitable Zone of the Nearby M3V Star Gliese 581}",
  journal = {\apj},
archivePrefix = "arXiv",
   eprint = {1009.5733},
 primaryClass = "astro-ph.EP",
 keywords = {astrobiology, planetary systems, stars: individual: GJ 581 HIP 74995},
     year = 2010,
    month = nov,
   volume = 723,
    pages = {954-965},
      doi = {10.1088/0004-637X/723/1/954},
   adsurl = {http://adsabs.harvard.edu/abs/2010ApJ...723..954V},
  adsnote = {Provided by the SAO/NASA Astrophysics Data System}
}

@ARTICLE{2013AN....334..616H,
   author = {{Hatzes}, A.~P.},
    title = "{An investigation into the radial velocity variability of GJ 581: On the significance of GJ 581g}",
  journal = {Astronomische Nachrichten},
archivePrefix = "arXiv",
   eprint = {1307.1246},
 primaryClass = "astro-ph.SR",
 keywords = {planetary systems, stars: individual (GJ 581, HIP 74995), techniques: radial velocities},
     year = 2013,
    month = aug,
   volume = 334,
    pages = {616},
      doi = {10.1002/asna.201311913},
   adsurl = {http://adsabs.harvard.edu/abs/2013AN....334..616H},
  adsnote = {Provided by the SAO/NASA Astrophysics Data System}
}


@ARTICLE{2014Sci...345..440R,
   author = {{Robertson}, P. and {Mahadevan}, S. and {Endl}, M. and {Roy}, A.
	},
    title = "{Stellar activity masquerading as planets in the habitable zone of the M dwarf Gliese 581}",
  journal = {Science},
archivePrefix = "arXiv",
   eprint = {1407.1049},
 primaryClass = "astro-ph.EP",
     year = 2014,
    month = jul,
   volume = 345,
    pages = {440-444},
      doi = {10.1126/science.1253253},
   adsurl = {http://adsabs.harvard.edu/abs/2014Sci...345..440R},
  adsnote = {Provided by the SAO/NASA Astrophysics Data System}
}

@ARTICLE{2015Sci...347.1080A,
   author = {{Anglada-Escud{\'e}}, G. and {Tuomi}, M.},
    title = "{Comment on {\ldquo}Stellar activity masquerading as planets in the habitable zone of the M dwarf Gliese 581{\rdquo}}",
  journal = {Science},
archivePrefix = "arXiv",
   eprint = {1503.01976},
 primaryClass = "astro-ph.EP",
     year = 2015,
    month = mar,
   volume = 347,
    pages = {1080-1080},
      doi = {10.1126/science.1260796},
   adsurl = {http://adsabs.harvard.edu/abs/2015Sci...347.1080A},
  adsnote = {Provided by the SAO/NASA Astrophysics Data System}
}

@ARTICLE{2015Sci...347.1080R,
   author = {{Robertson}, P. and {Mahadevan}, S. and {Endl}, M. and {Roy}, A.
	},
    title = "{Response to Comment on {\ldquo}Stellar activity masquerading as planets in the habitable zone of the M dwarf Gliese 581{\rdquo}}",
  journal = {Science},
archivePrefix = "arXiv",
   eprint = {1503.02565},
 primaryClass = "astro-ph.EP",
     year = 2015,
    month = mar,
   volume = 347,
    pages = {1080-1080},
      doi = {10.1126/science.1260974},
   adsurl = {http://adsabs.harvard.edu/abs/2015Sci...347.1080R},
  adsnote = {Provided by the SAO/NASA Astrophysics Data System}
}

@ARTICLE{2014MNRAS.441..442N,
   author = {{Nelson}, B.~E. and {Ford}, E.~B. and {Wright}, J.~T. and {Fischer}, D.~A. and 
	{von Braun}, K. and {Howard}, A.~W. and {Payne}, M.~J. and {Dindar}, S.
	},
    title = "{The 55 Cancri planetary system: fully self-consistent N-body constraints and a dynamical analysis}",
  journal = {\mnras},
archivePrefix = "arXiv",
   eprint = {1402.6343},
 primaryClass = "astro-ph.EP",
 keywords = {methods: statistical, techniques: radial velocities, planets and satellites: dynamical evolution and stability},
     year = 2014,
    month = jun,
   volume = 441,
    pages = {442-451},
      doi = {10.1093/mnras/stu450},
   adsurl = {http://adsabs.harvard.edu/abs/2014MNRAS.441..442N},
  adsnote = {Provided by the SAO/NASA Astrophysics Data System}
}

@ARTICLE{2014ApJS..210...11N,
   author = {{Nelson}, B. and {Ford}, E.~B. and {Payne}, M.~J.},
    title = "{RUN DMC: An Efficient, Parallel Code for Analyzing Radial Velocity Observations Using N-body Integrations and Differential Evolution Markov Chain Monte Carlo}",
  journal = {\apjs},
archivePrefix = "arXiv",
   eprint = {1311.5229},
 primaryClass = "astro-ph.EP",
 keywords = {methods: statistical, planetary systems, techniques: radial velocities },
     year = 2014,
    month = jan,
   volume = 210,
      eid = {11},
    pages = {11},
      doi = {10.1088/0067-0049/210/1/11},
   adsurl = {http://adsabs.harvard.edu/abs/2014ApJS..210...11N},
  adsnote = {Provided by the SAO/NASA Astrophysics Data System}
}

@ARTICLE{2015ApJ...814...12V,
   author = {{Vogt}, S.~S. and {Burt}, J. and {Meschiari}, S. and {Butler}, R.~P. and 
	{Henry}, G.~W. and {Wang}, S. and {Holden}, B. and {Gapp}, C. and 
	{Hanson}, R. and {Arriagada}, P. and {Keiser}, S. and {Teske}, J. and 
	{Laughlin}, G.},
    title = "{Six Planets Orbiting HD 219134}",
  journal = {\apj},
archivePrefix = "arXiv",
   eprint = {1509.07912},
 primaryClass = "astro-ph.EP",
 keywords = {planetary systems},
     year = 2015,
    month = nov,
   volume = 814,
      eid = {12},
    pages = {12},
      doi = {10.1088/0004-637X/814/1/12},
   adsurl = {http://adsabs.harvard.edu/abs/2015ApJ...814...12V},
  adsnote = {Provided by the SAO/NASA Astrophysics Data System}
}

@ARTICLE{2015A&A...584A..72M,
   author = {{Motalebi}, F. and {Udry}, S. and {Gillon}, M. and {Lovis}, C. and 
	{S{\'e}gransan}, D. and {Buchhave}, L.~A. and {Demory}, B.~O. and 
	{Malavolta}, L. and {Dressing}, C.~D. and {Sasselov}, D. and 
	{Rice}, K. and {Charbonneau}, D. and {Collier Cameron}, A. and 
	{Latham}, D. and {Molinari}, E. and {Pepe}, F. and {Affer}, L. and 
	{Bonomo}, A.~S. and {Cosentino}, R. and {Dumusque}, X. and {Figueira}, P. and 
	{Fiorenzano}, A.~F.~M. and {Gettel}, S. and {Harutyunyan}, A. and 
	{Haywood}, R.~D. and {Johnson}, J. and {Lopez}, E. and {Lopez-Morales}, M. and 
	{Mayor}, M. and {Micela}, G. and {Mortier}, A. and {Nascimbeni}, V. and 
	{Philips}, D. and {Piotto}, G. and {Pollacco}, D. and {Queloz}, D. and 
	{Sozzetti}, A. and {Vanderburg}, A. and {Watson}, C.~A.},
    title = "{The HARPS-N Rocky Planet Search. I. HD 219134 b: A transiting rocky planet in a multi-planet system at 6.5 pc from the Sun}",
  journal = {\aap},
archivePrefix = "arXiv",
   eprint = {1507.08532},
 primaryClass = "astro-ph.EP",
 keywords = {techniques: radial velocities, techniques: photometric, stars: individual: HD 219134, binaries: eclipsing, instrumentation: spectrographs},
     year = 2015,
    month = dec,
   volume = 584,
      eid = {A72},
    pages = {A72},
      doi = {10.1051/0004-6361/201526822},
   adsurl = {http://adsabs.harvard.edu/abs/2015A%26A...584A..72M},
  adsnote = {Provided by the SAO/NASA Astrophysics Data System}
}

@ARTICLE{2016arXiv160205200J,
   author = {{Johnson}, M.~C. and {Endl}, M. and {Cochran}, W.~D. and {Meschiari}, S. and 
	{Robertson}, P. and {MacQueen}, P.~J. and {Brugamyer}, E.~J. and 
	{Caldwell}, C. and {Hatzes}, A.~P. and {Ram{\'{\i}}rez}, I. and 
	{Wittenmyer}, R.~A.},
    title = "{A 12-Year Activity Cycle for HD 219134}",
  journal = {ArXiv e-prints},
archivePrefix = "arXiv",
   eprint = {1602.05200},
 primaryClass = "astro-ph.EP",
 keywords = {Astrophysics - Earth and Planetary Astrophysics, Astrophysics - Solar and Stellar Astrophysics},
     year = 2016,
    month = feb,
   adsurl = {http://adsabs.harvard.edu/abs/2016arXiv160205200J},
  adsnote = {Provided by the SAO/NASA Astrophysics Data System}
}

@ARTICLE{2010ApJ...709..168A,
   author = {{Anglada-Escud{\'e}}, G. and {L{\'o}pez-Morales}, M. and {Chambers}, J.~E.
	},
    title = "{How Eccentric Orbital Solutions Can Hide Planetary Systems in 2:1 Resonant Orbits}",
  journal = {\apj},
archivePrefix = "arXiv",
   eprint = {0809.1275},
 keywords = {celestial mechanics, planetary systems, techniques: radial velocities},
     year = 2010,
    month = jan,
   volume = 709,
    pages = {168-178},
      doi = {10.1088/0004-637X/709/1/168},
   adsurl = {http://adsabs.harvard.edu/abs/2010ApJ...709..168A},
  adsnote = {Provided by the SAO/NASA Astrophysics Data System}
}

@ARTICLE{2013ApJS..208....2W,
   author = {{Wittenmyer}, R.~A. and {Wang}, S. and {Horner}, J. and {Tinney}, C.~G. and 
	{Butler}, R.~P. and {Jones}, H.~R.~A. and {O'Toole}, S.~J. and 
	{Bailey}, J. and {Carter}, B.~D. and {Salter}, G.~S. and {Wright}, D. and 
	{Zhou}, J.-L.},
    title = "{Forever Alone? Testing Single Eccentric Planetary Systems for Multiple Companions}",
  journal = {\apjs},
archivePrefix = "arXiv",
   eprint = {1307.0894},
 primaryClass = "astro-ph.EP",
 keywords = {planetary systems, techniques: radial velocities },
     year = 2013,
    month = sep,
   volume = 208,
      eid = {2},
    pages = {2},
      doi = {10.1088/0067-0049/208/1/2},
   adsurl = {http://adsabs.harvard.edu/abs/2013ApJS..208....2W},
  adsnote = {Provided by the SAO/NASA Astrophysics Data System}
}

@ARTICLE{2015A&A...577A.103K,
   author = {{K{\"u}rster}, M. and {Trifonov}, T. and {Reffert}, S. and {Kostogryz}, N.~M. and 
	{Rodler}, F.},
    title = "{Disentangling 2:1 resonant radial velocity orbits from eccentric ones and a case study for HD 27894}",
  journal = {\aap},
archivePrefix = "arXiv",
   eprint = {1503.07769},
 primaryClass = "astro-ph.SR",
 keywords = {celestial mechanics, planetary systems, techniques: radial velocities, stars: individual: HD 27894},
     year = 2015,
    month = may,
   volume = 577,
      eid = {A103},
    pages = {A103},
      doi = {10.1051/0004-6361/201525872},
   adsurl = {http://adsabs.harvard.edu/abs/2015A%26A...577A.103K},
  adsnote = {Provided by the SAO/NASA Astrophysics Data System}
}

@ARTICLE{2009PASP..121.1016M,
   author = {{Meschiari}, S. and {Wolf}, A.~S. and {Rivera}, E. and {Laughlin}, G. and 
	{Vogt}, S. and {Butler}, P.},
    title = "{Systemic: A Testbed for Characterizing the Detection of Extrasolar Planets. I. The Systemic Console Package}",
  journal = {\pasp},
archivePrefix = "arXiv",
   eprint = {0907.1675},
 primaryClass = "astro-ph.EP",
     year = 2009,
    month = sep,
   volume = 121,
    pages = {1016-1027},
      doi = {10.1086/605730},
   adsurl = {http://adsabs.harvard.edu/abs/2009PASP..121.1016M},
  adsnote = {Provided by the SAO/NASA Astrophysics Data System}
}

% rvlin example
@ARTICLE{2016AJ....151...57K,
   author = {{Koren}, S.~C. and {Blake}, C.~H. and {Dahn}, C.~C. and {Harris}, H.~C.
	},
    title = "{The Low-mass Astrometric Binary LSR{\nbsp}1610{\ndash}0040}",
  journal = {\aj},
archivePrefix = "arXiv",
   eprint = {1511.02234},
 primaryClass = "astro-ph.SR",
 keywords = {binaries: general, brown dwarfs, methods: data analysis},
     year = 2016,
    month = mar,
   volume = 151,
      eid = {57},
    pages = {57},
      doi = {10.3847/0004-6256/151/3/57},
   adsurl = {http://adsabs.harvard.edu/abs/2016AJ....151...57K},
  adsnote = {Provided by the SAO/NASA Astrophysics Data System}
}

%% begin TERMS using BOOTTRAN
@ARTICLE{2012ApJ...754...37D,
   author = {{Dragomir}, D. and {Kane}, S.~R. and {Henry}, G.~W. and {Ciardi}, D.~R. and 
	{Fischer}, D.~A. and {Howard}, A.~W. and {Jensen}, E.~L.~N. and 
	{Laughlin}, G. and {Mahadevan}, S. and {Matthews}, J.~M. and 
	{Pilyavsky}, G. and {von Braun}, K. and {Wang}, S.~X. and {Wright}, J.~T.
	},
    title = "{The HD 192263 System: Planetary Orbital Period and Stellar Variability Disentangled}",
  journal = {\apj},
archivePrefix = "arXiv",
   eprint = {1206.2103},
 primaryClass = "astro-ph.EP",
 keywords = {planetary systems, stars: activity, stars: individual: HD 192263, starspots, techniques: photometric, techniques: radial velocities},
     year = 2012,
    month = jul,
   volume = 754,
      eid = {37},
    pages = {37},
      doi = {10.1088/0004-637X/754/1/37},
   adsurl = {http://adsabs.harvard.edu/abs/2012ApJ...754...37D},
  adsnote = {Provided by the SAO/NASA Astrophysics Data System}
}

@ARTICLE{2013ApJ...768..155H,
   author = {{Henry}, G.~W. and {Kane}, S.~R. and {Wang}, S.~X. and {Wright}, J.~T. and 
	{Boyajian}, T.~S. and {von Braun}, K. and {Ciardi}, D.~R. and 
	{Dragomir}, D. and {Farrington}, C. and {Fischer}, D.~A. and 
	{Hinkel}, N.~R. and {Howard}, A.~W. and {Jensen}, E. and {Laughlin}, G. and 
	{Mahadevan}, S. and {Pilyavsky}, G.},
    title = "{Host Star Properties and Transit Exclusion for the HD 38529 Planetary System}",
  journal = {\apj},
archivePrefix = "arXiv",
   eprint = {1303.4735},
 primaryClass = "astro-ph.EP",
 keywords = {planetary systems, stars: individual: HD 38529, techniques: photometric, techniques: radial velocities },
     year = 2013,
    month = may,
   volume = 768,
      eid = {155},
    pages = {155},
      doi = {10.1088/0004-637X/768/2/155},
   adsurl = {http://adsabs.harvard.edu/abs/2013ApJ...768..155H},
  adsnote = {Provided by the SAO/NASA Astrophysics Data System}
}

@ARTICLE{2011ApJ...737...58K,
   author = {{Kane}, S.~R. and {Dragomir}, D. and {Ciardi}, D.~R. and {Lee}, J.-W. and 
	{Lo Curto}, G. and {Lovis}, C. and {Naef}, D. and {Mahadevan}, S. and 
	{Pilyavsky}, G. and {Udry}, S. and {Wang}, X. and {Wright}, J.
	},
    title = "{Stellar Variability of the Exoplanet Hosting Star HD 63454}",
  journal = {\apj},
archivePrefix = "arXiv",
   eprint = {1105.6131},
 primaryClass = "astro-ph.EP",
 keywords = {planetary systems, stars: individual: HD 63454, techniques: photometric, techniques: radial velocities},
     year = 2011,
    month = aug,
   volume = 737,
      eid = {58},
    pages = {58},
      doi = {10.1088/0004-637X/737/2/58},
   adsurl = {http://adsabs.harvard.edu/abs/2011ApJ...737...58K},
  adsnote = {Provided by the SAO/NASA Astrophysics Data System}
}

@ARTICLE{2011ApJ...735L..41K,
   author = {{Kane}, S.~R. and {Henry}, G.~W. and {Dragomir}, D. and {Fischer}, D.~A. and 
	{Howard}, A.~W. and {Wang}, X. and {Wright}, J.~T.},
    title = "{Revised Orbit and Transit Exclusion for HD 114762b}",
  journal = {\apjl},
archivePrefix = "arXiv",
   eprint = {1106.1434},
 primaryClass = "astro-ph.EP",
 keywords = {planetary systems, stars: individual: HD 114762, techniques: photometric, techniques: radial velocities},
     year = 2011,
    month = jul,
   volume = 735,
      eid = {L41},
    pages = {L41},
      doi = {10.1088/2041-8205/735/2/L41},
   adsurl = {http://adsabs.harvard.edu/abs/2011ApJ...735L..41K},
  adsnote = {Provided by the SAO/NASA Astrophysics Data System}
}
%% end TERMS using BOOTTRAN

@ARTICLE{2015ApJ...800...22F,
   author = {{Feng}, Y.~K. and {Wright}, J.~T. and {Nelson}, B. and {Wang}, S.~X. and 
	{Ford}, E.~B. and {Marcy}, G.~W. and {Isaacson}, H. and {Howard}, A.~W.
	},
    title = "{The California Planet Survey IV: A Planet Orbiting the Giant Star HD 145934 and Updates to Seven Systems with Long-period Planets}",
  journal = {\apj},
archivePrefix = "arXiv",
   eprint = {1501.00633},
 primaryClass = "astro-ph.EP",
 keywords = {planetary systems, stars: individual: HD 145934 GJ 849, techniques: radial velocities},
     year = 2015,
    month = feb,
   volume = 800,
      eid = {22},
    pages = {22},
      doi = {10.1088/0004-637X/800/1/22},
   adsurl = {http://adsabs.harvard.edu/abs/2015ApJ...800...22F},
  adsnote = {Provided by the SAO/NASA Astrophysics Data System}
}

% Press book on contour chisq values cited by Feng 2016
@BOOK{2002nrca.book.....P,
   author = {{Press}, W.~H. and {Teukolsky}, S.~A. and {Vetterling}, W.~T. and 
	{Flannery}, B.~P.},
    title = "{Numerical recipes in C++ : the art of scientific computing}",
booktitle = {Numerical recipes in C++ : the art of scientific computing by William H.~Press.~xxviii, 1,002 p.~: ill.~; 26 cm.~ Includes bibliographical references and index.~ISBN :  0521750334},
     year = 2002,
   adsurl = {http://adsabs.harvard.edu/abs/2002nrca.book.....P},
  adsnote = {Provided by the SAO/NASA Astrophysics Data System}
}

% HD38529 third planet
@ARTICLE{2010AJ....139.1844B,
   author = {{Benedict}, G.~F. and {McArthur}, B.~E. and {Bean}, J.~L. and 
	{Barnes}, R. and {Harrison}, T.~E. and {Hatzes}, A. and {Martioli}, E. and 
	{Nelan}, E.~P.},
    title = "{The Mass of HD 38529c from Hubble Space Telescope Astrometry and High-precision Radial Velocities}",
  journal = {\aj},
archivePrefix = "arXiv",
   eprint = {1003.0421},
 primaryClass = "astro-ph.SR",
 keywords = {astrometry, brown dwarfs, stars: distances, stars: individual: HD 38529, stars: late-type, techniques: interferometric, techniques: radial velocities},
     year = 2010,
    month = may,
   volume = 139,
    pages = {1844-1856},
      doi = {10.1088/0004-6256/139/5/1844},
   adsurl = {http://adsabs.harvard.edu/abs/2010AJ....139.1844B},
  adsnote = {Provided by the SAO/NASA Astrophysics Data System}
}

% who coined "wright diagram"?
@ARTICLE{2014ApJ...785..126K,
   author = {{Knutson}, H.~A. and {Fulton}, B.~J. and {Montet}, B.~T. and 
	{Kao}, M. and {Ngo}, H. and {Howard}, A.~W. and {Crepp}, J.~R. and 
	{Hinkley}, S. and {Bakos}, G.~{\'A}. and {Batygin}, K. and {Johnson}, J.~A. and 
	{Morton}, T.~D. and {Muirhead}, P.~S.},
    title = "{Friends of Hot Jupiters. I. A Radial Velocity Search for Massive, Long-period Companions to Close-in Gas Giant Planets}",
  journal = {\apj},
archivePrefix = "arXiv",
   eprint = {1312.2954},
 primaryClass = "astro-ph.EP",
 keywords = {binaries: eclipsing, instrumentation: adaptive optics, planetary systems, techniques: radial velocities},
     year = 2014,
    month = apr,
   volume = 785,
      eid = {126},
    pages = {126},
      doi = {10.1088/0004-637X/785/2/126},
   adsurl = {http://adsabs.harvard.edu/abs/2014ApJ...785..126K},
  adsnote = {Provided by the SAO/NASA Astrophysics Data System}
}

% where Jason first used Msini-P diagram
@ARTICLE{2009ApJ...699L..97W,
   author = {{Wright}, J.~T. and {Fischer}, D.~A. and {Ford}, E.~B. and {Veras}, D. and 
	{Wang}, J. and {Henry}, G.~W. and {Marcy}, G.~W. and {Howard}, A.~W. and 
	{Johnson}, J.~A.},
    title = "{A Third Giant Planet Orbiting HIP 14810}",
  journal = {\apjl},
archivePrefix = "arXiv",
   eprint = {0906.0567},
 primaryClass = "astro-ph.SR",
 keywords = {planetary systems, stars: individual: HIP 14810},
     year = 2009,
    month = jul,
   volume = 699,
    pages = {L97-L101},
      doi = {10.1088/0004-637X/699/2/L97},
   adsurl = {http://adsabs.harvard.edu/abs/2009ApJ...699L..97W},
  adsnote = {Provided by the SAO/NASA Astrophysics Data System}
}

% Andrew V's poster on IP improvement
@INPROCEEDINGS{2013AAS...22114908V,
   author = {{Vanderburg}, A. and {Johnson}, J.~A. and {Muirhead}, P.},
    title = "{Improving Radial Velocity Precision for Faint Star Extra-Solar Planet Surveys}",
booktitle = {American Astronomical Society Meeting Abstracts \#221},
     year = 2013,
   series = {American Astronomical Society Meeting Abstracts},
   volume = 221,
    month = jan,
      eid = {149.08},
    pages = {149.08},
   adsurl = {http://adsabs.harvard.edu/abs/2013AAS...22114908V},
  adsnote = {Provided by the SAO/NASA Astrophysics Data System}
}

% John's N2K paper on morphing stellar template
@ARTICLE{2006ApJ...647..600J,
   author = {{Johnson}, J.~A. and {Marcy}, G.~W. and {Fischer}, D.~A. and 
	{Laughlin}, G. and {Butler}, R.~P. and {Henry}, G.~W. and {Valenti}, J.~A. and 
	{Ford}, E.~B. and {Vogt}, S.~S. and {Wright}, J.~T.},
    title = "{The N2K Consortium. VI. Doppler Shifts without Templates and Three New Short-Period Planets}",
  journal = {\apj},
   eprint = {astro-ph/0604348},
 keywords = {Stars: Planetary Systems: Formation, stars: individual (HD 33283), stars: individual (HD 86081), stars: individual (HD 224693), Techniques: Radial Velocities},
     year = 2006,
    month = aug,
   volume = 647,
    pages = {600-611},
      doi = {10.1086/505173},
   adsurl = {http://adsabs.harvard.edu/abs/2006ApJ...647..600J},
  adsnote = {Provided by the SAO/NASA Astrophysics Data System}
}

%%%%%%%%%%%%%%%%%%%%%%%%%%%%%%%%%%%%%%%%
% telluric reference

@INPROCEEDINGS{2016AAS...22713719S,
   author = {{Sithajan}, S. and {Ge}, J. and {Wang}, J.},
    title = "{Telluric Line Effect on High Precision Radial Velocity Survey of K and M Dwarfs}",
booktitle = {American Astronomical Society Meeting Abstracts},
     year = 2016,
   series = {American Astronomical Society Meeting Abstracts},
   volume = 227,
    month = jan,
      eid = {137.19},
    pages = {137.19},
   adsurl = {http://adsabs.harvard.edu/abs/2016AAS...22713719S},
  adsnote = {Provided by the SAO/NASA Astrophysics Data System}
}

@ARTICLE{2010ApJ...713..410B,
   author = {{Bean}, J.~L. and {Seifahrt}, A. and {Hartman}, H. and {Nilsson}, H. and 
	{Wiedemann}, G. and {Reiners}, A. and {Dreizler}, S. and {Henry}, T.~J.
	},
    title = "{The CRIRES Search for Planets Around the Lowest-mass Stars. I. High-precision Near-infrared Radial Velocities with an Ammonia Gas Cell}",
  journal = {\apj},
archivePrefix = "arXiv",
   eprint = {0911.3148},
 primaryClass = "astro-ph.EP",
 keywords = {instrumentation: spectrographs, stars: individual: GJ551 GJ 699 GJ 406 GJ 442B, stars: low-mass, techniques: radial velocities},
     year = 2010,
    month = apr,
   volume = 713,
    pages = {410-422},
      doi = {10.1088/0004-637X/713/1/410},
   adsurl = {http://adsabs.harvard.edu/abs/2010ApJ...713..410B},
  adsnote = {Provided by the SAO/NASA Astrophysics Data System}
}


@ARTICLE{tapas,
   author = {{Bertaux}, J.~L. and {Lallement}, R. and {Ferron}, S. and {Boonne}, C. and 
	{Bodichon}, R.},
    title = "{TAPAS, a web-based service of atmospheric transmission computation for astronomy}",
  journal = {\aap},
archivePrefix = "arXiv",
   eprint = {1311.4169},
 primaryClass = "astro-ph.IM",
 keywords = {atmospheric effects, techniques: spectroscopic},
     year = 2014,
    month = apr,
   volume = 564,
      eid = {A46},
    pages = {A46},
      doi = {10.1051/0004-6361/201322383},
   adsurl = {http://adsabs.harvard.edu/abs/2014A%26A...564A..46B},
  adsnote = {Provided by the SAO/NASA Astrophysics Data System}
}

@ARTICLE{lblrtm,
   author = {{Clough}, S.~A. and {Iacono}, M.~J. and {Moncet}, J.-L.},
    title = "{Line-by-Line Calculations of Atmospheric Fluxes and Cooling Rates: Application to Water Vapor}",
  journal = {\jgr},
 keywords = {Atmospheric Composition and Structure: Transmission and scattering of radiation, Atmospheric Composition and Structure: Evolution of the atmosphere},
     year = 1992,
    month = oct,
   volume = 97,
    pages = {15},
      doi = {10.1029/92JD01419},
   adsurl = {http://adsabs.harvard.edu/abs/1992JGR....9715761C},
  adsnote = {Provided by the SAO/NASA Astrophysics Data System}
}

@ARTICLE{exopag2015,
   author = {{Plavchan}, P. and {Latham}, D. and {Gaudi}, S. and {Crepp}, J. and 
	{Dumusque}, X. and {Furesz}, G. and {Vanderburg}, A. and {Blake}, C. and 
	{Fischer}, D. and {Prato}, L. and {White}, R. and {Makarov}, V. and 
	{Marcy}, G. and {Stapelfeldt}, K. and {Haywood}, R. and {Collier-Cameron}, A. and 
	{Quirrenbach}, A. and {Mahadevan}, S. and {Anglada}, G. and 
	{Muirhead}, P.},
    title = "{Radial Velocity Prospects Current and Future: A White Paper Report prepared by the Study Analysis Group 8 for the Exoplanet Program Analysis Group (ExoPAG)}",
  journal = {ArXiv e-prints},
archivePrefix = "arXiv",
   eprint = {1503.01770},
 primaryClass = "astro-ph.IM",
 keywords = {Astrophysics - Instrumentation and Methods for Astrophysics, Astrophysics - Earth and Planetary Astrophysics},
     year = 2015,
    month = mar,
   adsurl = {http://adsabs.harvard.edu/abs/2015arXiv150301770P},
  adsnote = {Provided by the SAO/NASA Astrophysics Data System}
}

@INPROCEEDINGS{2010SPIE.7735E..53C,
   author = {{Crane}, J.~D. and {Shectman}, S.~A. and {Butler}, R.~P. and 
	{Thompson}, I.~B. and {Birk}, C. and {Jones}, P. and {Burley}, G.~S.
	},
    title = "{The Carnegie Planet Finder Spectrograph: integration and commissioning}",
booktitle = {Ground-based and Airborne Instrumentation for Astronomy III},
     year = 2010,
   series = {\procspie},
   volume = 7735,
    month = jul,
      eid = {773553},
    pages = {773553},
      doi = {10.1117/12.857792},
   adsurl = {http://adsabs.harvard.edu/abs/2010SPIE.7735E..53C},
  adsnote = {Provided by the SAO/NASA Astrophysics Data System}
}

@ARTICLE{2002A&A...388..632P,
   author = {{Pepe}, F. and {Mayor}, M. and {Galland}, F. and {Naef}, D. and 
	{Queloz}, D. and {Santos}, N.~C. and {Udry}, S. and {Burnet}, M.
	},
    title = "{The CORALIE survey for southern extra-solar planets VII. Two short-period Saturnian companions to <ASTROBJ>HD 108147</ASTROBJ> and <ASTROBJ>HD 168746</ASTROBJ>}",
  journal = {\aap},
   eprint = {astro-ph/0202457},
 keywords = {techniques: radial velocities, stars: individual: HD 108147, stars: individual: HD 168746},
     year = 2002,
    month = jun,
   volume = 388,
    pages = {632-638},
      doi = {10.1051/0004-6361:20020433},
   adsurl = {http://adsabs.harvard.edu/abs/2002A%26A...388..632P},
  adsnote = {Provided by the SAO/NASA Astrophysics Data System}
}


@ARTICLE{elodie,
   author = {{Baranne}, A. and {Queloz}, D. and {Mayor}, M. and {Adrianzyk}, G. and 
	{Knispel}, G. and {Kohler}, D. and {Lacroix}, D. and {Meunier}, J.-P. and 
	{Rimbaud}, G. and {Vin}, A.},
    title = "{ELODIE: A spectrograph for accurate radial velocity measurements.}",
  journal = {\aaps},
 keywords = {INSTRUMENTATION: SPECTROGRAPHS, METHODS: DATA ANALYSIS, TECHNIQUES: SPECTROSCOPIC, RADIAL VELOCITIES},
     year = 1996,
    month = oct,
   volume = 119,
    pages = {373-390},
   adsurl = {http://adsabs.harvard.edu/abs/1996A%26AS..119..373B},
  adsnote = {Provided by the SAO/NASA Astrophysics Data System}
}

@ARTICLE{butler1996,
   author = {{Butler}, R.~P. and {Marcy}, G.~W. and {Williams}, E. and {McCarthy}, C. and 
	{Dosanjh}, P. and {Vogt}, S.~S.},
    title = "{Attaining Doppler Precision of 3 M s-1}",
  journal = {\pasp},
 keywords = {TECHNIQUES: SPECTROSCOPIC},
     year = 1996,
    month = jun,
   volume = 108,
    pages = {500},
      doi = {10.1086/133755},
   adsurl = {http://adsabs.harvard.edu/abs/1996PASP..108..500B},
  adsnote = {Provided by the SAO/NASA Astrophysics Data System}
}

@ARTICLE{harps-s,
   author = {{Mayor}, M. and {Pepe}, F. and {Queloz}, D. and {Bouchy}, F. and 
	{Rupprecht}, G. and {Lo Curto}, G. and {Avila}, G. and {Benz}, W. and 
	{Bertaux}, J.-L. and {Bonfils}, X. and {Dall}, T. and {Dekker}, H. and 
	{Delabre}, B. and {Eckert}, W. and {Fleury}, M. and {Gilliotte}, A. and 
	{Gojak}, D. and {Guzman}, J.~C. and {Kohler}, D. and {Lizon}, J.-L. and 
	{Longinotti}, A. and {Lovis}, C. and {Megevand}, D. and {Pasquini}, L. and 
	{Reyes}, J. and {Sivan}, J.-P. and {Sosnowska}, D. and {Soto}, R. and 
	{Udry}, S. and {van Kesteren}, A. and {Weber}, L. and {Weilenmann}, U.
	},
    title = "{Setting New Standards with HARPS}",
  journal = {The Messenger},
     year = 2003,
    month = dec,
   volume = 114,
    pages = {20-24},
   adsurl = {http://adsabs.harvard.edu/abs/2003Msngr.114...20M},
  adsnote = {Provided by the SAO/NASA Astrophysics Data System}
}



@ARTICLE{eod2014,
   author = {{Han}, E. and {Wang}, S.~X. and {Wright}, J.~T. and {Feng}, Y.~K. and 
	{Zhao}, M. and {Fakhouri}, O. and {Brown}, J.~I. and {Hancock}, C.
	},
    title = "{Exoplanet Orbit Database. II. Updates to Exoplanets.org}",
  journal = {\pasp},
archivePrefix = "arXiv",
   eprint = {1409.7709},
 primaryClass = "astro-ph.EP",
 keywords = {Extrasolar Planets},
     year = 2014,
    month = oct,
   volume = 126,
    pages = {827-837},
      doi = {10.1086/678447},
   adsurl = {http://adsabs.harvard.edu/abs/2014PASP..126..827H},
  adsnote = {Provided by the SAO/NASA Astrophysics Data System}
}

@ARTICLE{1988ApJ...331..902C,
   author = {{Campbell}, B. and {Walker}, G.~A.~H. and {Yang}, S.},
    title = "{A search for substellar companions to solar-type stars}",
  journal = {\apj},
 keywords = {Companion Stars, Dwarf Stars, Late Stars, Subgiant Stars, Variable Stars, Accretion Disks, Brown Dwarf Stars, Chromosphere, Gravitational Collapse, Line Spectra, Radial Velocity, Velocity Distribution},
     year = 1988,
    month = aug,
   volume = 331,
    pages = {902-921},
      doi = {10.1086/166608},
   adsurl = {http://adsabs.harvard.edu/abs/1988ApJ...331..902C},
  adsnote = {Provided by the SAO/NASA Astrophysics Data System}
}


@ARTICLE{1989Natur.339...38L,
   author = {{Latham}, D.~W. and {Stefanik}, R.~P. and {Mazeh}, T. and {Mayor}, M. and 
	{Burki}, G.},
    title = "{The unseen companion of HD114762 - A probable brown dwarf}",
  journal = {\nat},
 keywords = {Brown Dwarf Stars, Companion Stars, Stellar Orbits, Extrasolar Planets, Orbital Mechanics, Stellar Mass},
     year = 1989,
    month = may,
   volume = 339,
    pages = {38-40},
      doi = {10.1038/339038a0},
   adsurl = {http://adsabs.harvard.edu/abs/1989Natur.339...38L},
  adsnote = {Provided by the SAO/NASA Astrophysics Data System}
}

@ARTICLE{1993ApJ...413..339H,
   author = {{Hatzes}, A.~P. and {Cochran}, W.~D.},
    title = "{Long-period radial velocity variations in three K giants}",
  journal = {\apj},
 keywords = {Giant Stars, K Stars, Radial Velocity, Stellar Motions, Velocity Measurement, Long Term Effects, Stellar Oscillations, Stellar Spectra},
     year = 1993,
    month = aug,
   volume = 413,
    pages = {339-348},
      doi = {10.1086/173002},
   adsurl = {http://adsabs.harvard.edu/abs/1993ApJ...413..339H},
  adsnote = {Provided by the SAO/NASA Astrophysics Data System}
}

@ARTICLE{1995Natur.378..355M,
   author = {{Mayor}, M. and {Queloz}, D.},
    title = "{A Jupiter-mass companion to a solar-type star}",
  journal = {\nat},
     year = 1995,
    month = nov,
   volume = 378,
    pages = {355-359},
      doi = {10.1038/378355a0},
   adsurl = {http://adsabs.harvard.edu/abs/1995Natur.378..355M},
  adsnote = {Provided by the SAO/NASA Astrophysics Data System}
}

@ARTICLE{1996ApJ...464L.153B,
   author = {{Butler}, R.~P. and {Marcy}, G.~W.},
    title = "{A Planet Orbiting 47 Ursae Majoris}",
  journal = {\apjl},
 keywords = {STARS: PLANETARY SYSTEMS, STARS: LOW-MASS, BROWN DWARFS},
     year = 1996,
    month = jun,
   volume = 464,
    pages = {L153},
      doi = {10.1086/310102},
   adsurl = {http://adsabs.harvard.edu/abs/1996ApJ...464L.153B},
  adsnote = {Provided by the SAO/NASA Astrophysics Data System}
}

@ARTICLE{hitran2013,
   author = {{Rothman}, L.~S. and {Gordon}, I.~E. and {Babikov}, Y. and {Barbe}, A. and 
	{Chris Benner}, D. and {Bernath}, P.~F. and {Birk}, M. and {Bizzocchi}, L. and 
	{Boudon}, V. and {Brown}, L.~R. and {Campargue}, A. and {Chance}, K. and 
	{Cohen}, E.~A. and {Coudert}, L.~H. and {Devi}, V.~M. and {Drouin}, B.~J. and 
	{Fayt}, A. and {Flaud}, J.-M. and {Gamache}, R.~R. and {Harrison}, J.~J. and 
	{Hartmann}, J.-M. and {Hill}, C. and {Hodges}, J.~T. and {Jacquemart}, D. and 
	{Jolly}, A. and {Lamouroux}, J. and {Le Roy}, R.~J. and {Li}, G. and 
	{Long}, D.~A. and {Lyulin}, O.~M. and {Mackie}, C.~J. and {Massie}, S.~T. and 
	{Mikhailenko}, S. and {M{\"u}ller}, H.~S.~P. and {Naumenko}, O.~V. and 
	{Nikitin}, A.~V. and {Orphal}, J. and {Perevalov}, V. and {Perrin}, A. and 
	{Polovtseva}, E.~R. and {Richard}, C. and {Smith}, M.~A.~H. and 
	{Starikova}, E. and {Sung}, K. and {Tashkun}, S. and {Tennyson}, J. and 
	{Toon}, G.~C. and {Tyuterev}, V.~G. and {Wagner}, G.},
    title = "{The HITRAN2012 molecular spectroscopic database}",
  journal = {\jqsrt},
     year = 2013,
    month = nov,
   volume = 130,
    pages = {4-50},
      doi = {10.1016/j.jqsrt.2013.07.002},
   adsurl = {http://adsabs.harvard.edu/abs/2013JQSRT.130....4R},
  adsnote = {Provided by the SAO/NASA Astrophysics Data System}
}

% end telluric reference
%%%%%%%%%%%%%%%%%%%%%%%%%%%%%%%%


% IodineSpec5
@ARTICLE{iodinespec5,
   author = {{Kn{\"o}ckel}, H. and {Bodermann}, B. and {Tiemann}, E.},
    title = "{High precision description of the rovibronic structure of the I $_{2}$ B-X spectrum}",
  journal = {European Physical Journal D},
 keywords = {Rotation vibration and vibration-rotation constants, Visible spectra, Interatomic potentials and forces},
     year = 2004,
    month = feb,
   volume = 28,
    pages = {199-209},
      doi = {10.1140/epjd/e2003-00313-4},
   adsurl = {http://adsabs.harvard.edu/abs/2004EPJD...28..199K},
  adsnote = {Provided by the SAO/NASA Astrophysics Data System}
}

% sum of Gaussians by Valenti
@ARTICLE{1995PASP..107..966V,
   author = {{Valenti}, J.~A. and {Butler}, R.~P. and {Marcy}, G.~W.},
    title = "{Determining Spectrometer Instrumental Profiles Using FTS Reference Spectra}",
  journal = pasp,
 keywords = {INSTRUMENTATION: SPECTROGRAPHS, REFERENCE SYSTEMS},
     year = 1995,
    month = oct,
   volume = 107,
    pages = {966-+},
      doi = {10.1086/133645},
   adsurl = {http://adsabs.harvard.edu/abs/1995PASP..107..966V},
  adsnote = {Provided by the SAO/NASA Astrophysics Data System}
}